@article{Stenning:1995ka,
author = {Stenning, Keith and Oberlander, Jon},
title = {A cognitive theory of graphical and linguistic reasoning: Logic and implementation},
journal = {Cognitive Science},
year = {1995},
volume = {19},
number = {1},
pages = {97--140}
}

@article{Sacks:1974uy,
author = {Sacks, H and Schegloff, E A and Jefferson, G},
title = {A simplest systematics for the organization of turn-taking for conversation},
journal = {Language},
year = {1974},
volume = {50},
pages = {696--735}
}

@incollection{Kamp:2018fe,
author = {Kamp, H},
title = {A theory of truth and semantic representation},
booktitle = {{Formal Semantics}},
year = {2018},
pages = {189--222},
publisher = {Blackwell Publishers, Ltd.}
}

@article{Grosz:1986up,
author = {Grosz, B and Sidner, C},
title = {Attentions, Intentions, and the Structure of Discourse},
journal = {Computational Linguistics},
year = {1986},
volume = {12},
number = {3},
pages = {175--204}
}

@article{Thaler:2010uy,
author = {Thaler, R and Sunstein, C and Balz, J},
title = {Choice architecture},
journal = {Available at SSRN 1583509},
year = {2010}
}

@inproceedings{Cohen:1995wl,
author = {Cohen, Philip R and Levesque, Hector J},
title = {Communicative actions for artificial agents},
booktitle = {Proceedings of the First International Conference on Multi-Agent Systems (ICMAS-95)},
year = {1995},
pages = {65--72}
}


@techreport{Logic:2011wn,
author = {{Evidon}},
title = {Consumer Interactions with Ad Notice},
year = {2011}
}

@book{Stalnaker:1999vl,
author = {Stalnaker, Robert},
title = {{Context and Content}},
publisher = {Clarendon Press},
year = {1999},
series = {Essays on Intentionality in Speech and Thought}
}

@incollection{Grosz:1989wu,
author = {Grosz, B and Pollack, M and Sidner, C},
title = {{Discourse}},
booktitle = {{Foundations of Cognitive Science}},
year = {1989},
editor = {Posner, M},
pages = {1--33},
publisher = {MIT Press}
}

@book{Gumperz:1982tc,
author = {Gumperz, John Joseph},
title = {{Discourse Strategies}},
publisher = {Cambridge University Press},
year = {1982},
month = sep
}

@article{Cohen:1979wl,
author = {Cohen, P and Perrault, C},
title = {Elements of a Plan-Based Theory of Speech Acts},
journal = {Cognitive Science},
year = {1979},
volume = {3},
pages = {177--212}
}

@book{Goffman:1981tm,
title = {{Forms of Talk}},
author = {Goffman, E},
howpublished = {University of Pennsylvania Press},
address = {Philadelphia},
year = {1981}
}

@book{Hymes:1974wr,
author = {Hymes, D},
title = {{Foundations in Sociolinguistics: An Ethnographic Approach}},
publisher = {University of Pennsylvania Press},
year = {1974}
}

@article{Oberlander:1995vv,
author = {Oberlander, Jon},
title = {{Grice for graphics: pragmatic implicature in network diagrams}},
journal = {Information Design Journal},
year = {1995},
volume = {8},
number = {2},
pages = {163--179}
}

@book{Stenning:2006wu,
author = {Stenning, Keith and Lascarides, Alex and Calder, Jo},
title = {{Introduction to Cognition And Communication}},
publisher = {Bradford Books},
year = {2006}
}

@incollection{JohnsonLaird:1989uj,
author = {Johnson-Laird, Philip N},
title = {Mental models},
booktitle = {{Foundations of Cognitive Science}},
year = {1989},
editor = {Posner, M},
pages = {469--499},
publisher = {MIT Press}
}

@techreport{Hobbs:1985ue,
author = {Hobbs, J},
title = {On the Coherence and Structure of Discourse},
year = {1985},
number = {Report No. CSLI-85-37}
}

@article{Tversky:1999ta,
author = {Tversky, B and Lee, P},
title = {{Pictorial and verbal tools for conveying routes}},
journal = {COSIT '99 Proceedings of the International Conference on Spatial Information Theory: Cognitive and Computational Foundations of Geographic Information Science},
year = {1999},
pages = {51--54}
}

@book{Huang:2007ww,
author = {Huang, Yan},
title = {{Pragmatics}},
publisher = {Oxford University Press, USA},
year = {2007}
}

@book{Stenning:2002vd,
author = {Stenning, Keith},
title = {{Seeing Reason}},
publisher = {OUP Oxford},
year = {2002},
series = {Image and Language in Learning to Think},
}

@incollection{Tversky:2004wj,
author = {Tversky, B},
title = {{Semantics, syntax, and pragmatics of graphics}},
booktitle = {{Language and Visualisation}},
year = {2004},
editor = {Holmqvist, K and Ericsson, Y},
pages = {141--158},
publisher = {Lund University Press},
address = {Lund}
}

@book{vanDijk:1983tk,
author = {van Dijk, Teun Adrianus and Kintsch, Walter},
title = {{Strategies of Discourse Comprehension}},
publisher = {Academic Press},
year = {1983}
}

@article{Tversky:1981vc,
author = {Tversky, A and Kahneman, Daniel},
title = {{The framing of decisions and the psychology of choice}},
journal = {Science},
year = {1981},
volume = {211},
number = {4481},
pages = {453--458}
}

@inproceedings{TheNonTransparency:2012ut,
author = {Turow, J},
title = {The Non-Transparency of key online words},
booktitle = {{NTIA Privacy Multistakeholder Process Regarding Mobile Application Transparency}},
year = {2012},
pages = {1--10},
month = nov
}

@incollection{Tversky:2011tf,
author = {Tversky, B},
title = {{Tools for Thought}},
booktitle = {{Language and Bilingual Cognition}},
year = {2011},
editor = {Cook, V and Bassetti, B},
pages = {131--140},
publisher = {Psychology Press},
address = {New York}
}

@techreport{Truste:2012uc,
author = {{TRUSTe}},
title = {{TRUSTe 2012 UK consumer data privacy study}},
year = {2012}
}

@article{Tversky:2010ww,
author = {Tversky, B},
title = {Visualizing thought},
journal = {Topics in Cognitive Science},
year = {2010},
volume = {3},
number = {3},
pages = {499--535}
}

@techreport{Leon:2012vu,
author = {Leon, P Giovanni and Ur, B and Shay, R and Wang, Y and Balebako, R and Cranor, L},
title = {{Why Johnny can't opt out: A usability evaluation of tools to limit online behavioral advertising}},
year = {2012},
number = {CMU-CyLab-11-017}
}

@article{JohnsonLaird:1980uf,
author = {Johnson-Laird, P N and Garnham, A},
title = {Descriptions and Discourse Models},
journal = {Linguistics and Philosophy},
year = {1980},
number = {3},
pages = {371--393}
}

@incollection{Grice:1975vz,
author = {Grice, Herbert P},
title = {Logic and conversation},
booktitle = {{Syntax and Semantics 3: Speech Acts}},
year = {1975},
editor = {Cole},
pages = {41--58},
publisher = {Elsevier}
}

@book{Levinson:2000ud,
author = {Levinson, Stephen C},
title = {{Presumptive Meanings}},
publisher = {The MIT Press},
year = {2000},
series = {The Theory of Generalized Conversational Implicature}
}

@techreport{Leon:2012dk,
author = {Leon, P Giovanni and Cranshaw, Justin and Cranor, L F and Graves, Jim and Hastak, Manoj and Ur, B and Xu, Guzi},
title = {{What do online behavioral advertising privacy disclosures communicate to users?}},
year = {2012},
number = {CMU-CyLab-12-008}
}

@book{Clark:1996tm,
author = {Clark, H H},
title = {{Using Language}},
publisher = {Cambridge University Press},
year = {1996},
month = may
}

@email{Mastria:2013uh,
title = {{DAA departing {\&} moving forward}},
author = {Mastria, L},
howpublished = {DAA},
month = sep,
year = {2013}
}

@article{DOrazio:2013tx,
author = {D'Orazio, D},
title = {{Microsoft said to work on technology to replace cookies, track across Windows, Bing, and Xbox}},
journal = {The Verge},
year = {2013},
pages = {1--2},
month = {Oct},
day = {10},
url = {http://www.theverge.com/2013/10/10/4823944/microsoft-reportedly-working-to-replace-cookies-ad-tracking}
}

@book{Locke:2010wt,
author = {Locke, John L},
title = {{Eavesdropping: An Intimate History}},
publisher = {OUP Oxford},
year = {2010},
month = jun
}

@article{Scott:1904td,
author = {Scott, W},
title = {{The Psychology of Advertising}},
journal = {Atlantic Magazine},
year = {1904},
month = jan,
url = {http://www.theatlantic.com/magazine/archive/1904/01/the-psychology-of- advertising/303465/}
}

@article{Duhigg:2012vx,
author = {Duhigg, C},
title = {{Campaigns mine personal lives to get out the vote}},
journal = {The New York Times},
year = {2012},
month = oct
}

@article{Duhigg:2012ua,
author = {Duhigg, C arles},
title = {{How Companies Learn your Secrets}},
journal = {New York Times Magazine},
year = {2012},
month = {Feb},
day = {16},
url = {http://www.nytimes.com/2012/02/19/magazine/shopping- habits.html?_r=1&pagewanted=all
}
}

@book{Duhigg:2012uk,
author = {Duhigg, C arles},
title = {{The Power of Habit}},
publisher = {Random House},
year = {2012},
series = {Why We Do What We Do in Life and Business},
month = feb
}

@book{Packard:1957vs,
title = {{The Hidden Persuaders. An Introduction to the Techniques of Mass-persuasion Through the Unconscious}},
author = {Packard, Vance Oakley},
year = {1957},
city = {New York},
publisher = {David McKay Co., Inc}
}

@article{Kristol:2001dg,
author = {Kristol, David M},
title = {{HTTP Cookies: Standards, privacy, and politics}},
journal = {Transactions on Internet Technology (TOIT},
year = {2001},
volume = {1},
number = {2},
month = nov,
url = {http://arxiv.org/abs/cs.SE/0105018}
}

@article{Google:2010:online,
author = {Google, Inc.},
title = {Google milestones},
journal = {Corporate Information},
year = {2010},
url = {https://www.google.com/intl/en/about/company/history/},
urldate = {}
}

@inproceedings{MachineLearningfor:2012uy,
author = {Mason, H},
title = {Machine Learning for Hackers},
booktitle = {{Devs Love Bacon}},
year = {2012},
month = jul,
url = {http://www.hilarymason.com/presentations-2/devs-love-bacon-everything-you-need-to-
know-about-machine-learning-in-30-minutes-or-less/}
}

@article{Woods:y1szIP7L,
author = {Woods, D},
title = {{bitly's Hilary Mason on "What is A Data Scientist?"}},
year = {2012},
month = mar,
journal = {Forbes Magazine},
url ={http://www.forbes.com/sites/danwoods/2012/03/08/hilary-mason- what-is-a-data-scientist/}
}

@techreport{IAB:sv1S8BTo,
author = {{IAB}},
title = {{Internet Advertising Revenue Report: 2011 Full Year Results}},
year = {2012},
month = apr
}

@incollection{Eckersley:2010uj,
author = {Eckersley, P},
title = {How Unique is Your Web Browser?},
booktitle = {{Privacy and Enhancing Technologies}},
year = {2010},
editor = {Atallah, M and Hopper, N},
pages = {1--18}
}

@incollection{Reitman:2012wc,
author = {Reitman, R},
title = {A deep dive into FaceBook and Datalogix: What's actually getting shared and how you can opt-out},
booktitle = {{Electronic Freedom Foundation Blog}},
year = {2012},
month = sep,
url = {https://www.eff.org/deeplinks/2012/09/deep-dive-facebook-and-datalogix-whats-actually-getting-shared-and-how-you-can-opt}
}

@techreport{Sesto:2008va,
author = {Sesto, R and Frankel, J},
title = {How Deep Packet Inspection Changed the Privacy debate},
year = {2008},
month = sep,
url = {http://www.bingham.com/Publications/Files/2008/09/How-Deep- Packet-Inspection-Changed-the-Privacy-Debate}
}

@article{Krishnamurthy:2009vh,
author = {Krishnamurthy, B and Wills, C E},
title = {{On the leakage of personally identifiable information via online social networks}},
journal = {Web 2.0 Security and Privacy Workshop},
year = {2009},
pages = {7--12}
}

@techreport{IAB:2010wz,
author = {{IAB}},
title = {{IAB Legislative and Regulatory Affairs Update March 2010}},
year = {2010},
month = nov,
url = {http://www.iab.net/media/file/Legislative_Update_March_2010-2.pdf}
}

@inproceedings{HowTargetGetsthe:2010wu,
author = {Pole, A},
title = {How Target Gets the Most of Its Guest Data},
booktitle = {{Predictive Analytics World}},
year = {2010},
month = oct,
url = {http://rmportal.performedia.com/node/1373}
}

@inproceedings{Yan:2009dk,
author = {Yan, Jun and Liu, Ning and Wang, Gang and Zhang, Wen and Jiang, Yun and Chen, Zheng},
title = {{How much can behavioral targeting help online advertising?}},
booktitle = {{The 18th International Conference}},
year = {2009},
pages = {261--270},
publisher = {ACM Press},
address = {New York, New York, USA},
month = feb
}

@inproceedings{Chen:2009jb,
author = {Chen, Ye and Pavlov, D and Canny, J F},
title = {{Large-scale behavioral targeting}},
booktitle = {{KDD '09: Proceedings of the 15th ACM SIGKDD International Conference on Knowledge Discovery and Data Mining}},
year = {2009},
publisher = {ACM  Request Permissions},
month = jun
}

@inproceedings{PandeyΟ:2011ug,
author = {Pandey, S and Aly, M and Bagherjeiran, A and Hatch, A and Ciccolo, P and Ratnaparkhi, A and Zinkevich, M},
title = {Learning to Target: What Works for Behavioral Targeting},
year = {2011},
booktitle = {{ACM Conference on Information and Knowledge Management (CIKM)}}
}

@inproceedings{Mayer:2012wt,
author = {Mayer, J and Mitchell, John C},
title = {Third-Party Web Tracking: Policy and Technology},
booktitle = {{SP '12: Proceedings of the 2012 IEEE Symposium on Security and Privacy}},
year = {2012},
publisher = { IEEE Computer Society},
month = may
}

@techreport{Anonymous:2010uw,
author = {{Jupiter Research}},
title = {{Behavioral Targeting and the Purchase Funnel Opportunity}},
year = {2010},
month = jan
}

@article{Constine:ut,
author = {Constine, J},
title = {{Facebook's new retargeted ads performing ``very well'', adds partners to run them}},
journal = {Tech Crunch},
year = {2012},
month = {Aug},
day = {15},
url = {http://techcrunch.com/2012/08/25/facebook-exchange-retargeting/}
}

@techreport{Duggal:2012tq,
author = {Duggal, J},
title = {{Promise Unfulfilled? Lessons from the Revolution (Quantcast)}},
year = {2012},
publisher = {Quantcast},
month = {May}
}

@techreport{Anonymous:2012uw,
author = {Krux},
title = {{State of Data Collection on the Web}},
year = {2012},
month = {Jun},
url = {http://www.krux.com/pro/broadcasts/krux_news/krux_CIS_2012/}
}

@techreport{OConnell:2011tq,
author = {O'Connell, J},
title = {{\emph{The Forrester Wave: Demand-side Platforms, Q4 2011} }},
year = {2011},
month = {Dec},
day = {14}
}

@article{Angwin:2012tg,
author = {Angwin, J},
title = {Online Tracking Ramps Up},
journal = {Wall Street Journal},
year = {2012},
month = {Jun},
day = {17},
url = {http://online.wsj.com/article/SB10001424052702303836404577472491637833420.html}
}

@inproceedings{Farahat:2012ex,
author = {Farahat, Ayman and Bailey, Michael C},
title = {How effective is targeted advertising?},
booktitle = {{WWW '12: Proceedings of the 21st International Conference on World Wide Web}},
year = {2012},
publisher = { ACM},
month = apr
}

@article{Klopfer:1977ch,
author = {Klopfer, Peter H and Rubenstein, Daniel I},
title = {The Concept Privacy and Its Biological Basis},
journal = {Journal of Social Issues},
year = {1977},
volume = {33},
number = {3},
pages = {52--65}
}

@online{TheInternet:uu,
title = {{The Internet}},
year = {1995},
month = jan,
url = {https://www.youtube.com/watch?v=XluovrUA6Bk}
}

@online{Anonymous:1999wh,
author = {{Chief Marketer}},
title = {Doubleclick, Abacus Stock Drop After Merger News},
year = {1999},
month = jan,
url = {http://chiefmarketer.com/news/doubleclick-abacus-stocks-drop-after-merger-news}
}

@techreport{Simms:2000vo,
author = {Simms, M},
title = {National Opinion Fact Sheet: Internet Use 1998-1999},
year = {2000},
month = jan
}

@techreport{Anonymous:te,
author = {{Business Week / Harris Poll}},
title = {{A Growing Threat}},
year = {2000},
month = mar
}

@inproceedings{Narayanan:2011tv,
author = {Narayanan, Arvind},
title = {There is no such thing as anonymous online tracking},
year = {2011},
booktitle = {{Stanford Law School Center for Internet and Society Blog}},
month = jul,
day = {28},
url = {http://cyberlaw.stanford.edu/blog/2011/07/there-no-such-thing-anonymous-online-tracking}
}

@inproceedings{Roesner:2012uj,
author = {Roesner, Franziska and Kohno, Tadayoshi and Wetherall, David},
title = {Detecting and defending against third-party tracking on the web},
booktitle = {{NSDI'12: Proceedings of the 9th USENIX Conference on Networked Systems Design and Implementation}},
year = {2012},
publisher = { USENIX Association},
month = apr
}

@article{Krishnamurthy:2011uv,
author = {Krishnamurthy, B and Naryshkin, K and Wills, C E},
title = {{Privacy leakage vs. protection measures: The growing disconnect}},
journal = {Computer Communications Review},
volume = {40},
issue = {1},
year = {2011},
pages = {112--117},
}

@article{Narayanan:2010kb,
author = {Narayanan, Arvind and Shmatikov, Vitaly},
title = {{Myths and fallacies of "personally identifiable information"}},
journal = {Communications of the ACM},
year = {2010},
volume = {53},
number = {6},
pages = {24}
}

@article{Komanduri:2012wo,
author = {Komanduri, S and Shay, R and Norcie, G and Ur, B},
title = {{AdChoices? Compliance with online behavioral advertising notice and choice requirements}},
journal = {CMU-CyLab-11-005},
city = {Carnegie Mellon University},
year = {2012},
pages = {1--22}
}

@article{Hoofnagle:2012uc,
author = {Hoofnagle, Chris Jay and Urban, Jennifer M and Li, Su},
title = {Privacy and Modern Advertising: Most US Internet Users Want Do Not Track to Stop Collection of Data About their Online Activities },
journal = {Amsterdam Privacy Conference},
year = {2012},
pages = {1--27}
}

@article{Hill:2012uh,
author = {Hill, K},
title = {{Microsoft is losing in a bitter battle to protect Internet users' privacy}},
journal = {Forbes Magazine},
year = {2012},
month = oct
}

@book{Solove:2008vz,
author = {Solove, Daniel J},
title = {{Understanding Privacy}},
publisher = {Harvard University Press},
year = {2008}
}

@article{OMB:2007vu,
author = {{OMB}},
title = {{Safeguarding against and responding to the breach of personally identifiable information [Memorandum for the heads of executive departments and agencies]. M-06-16}},
year = {2007},
pages = {1--22},
month = may, 
day = {22}
}

@article{Kahneman:1984td,
author = {Kahneman, D and Tversky, A},
title = {{Choices, values, and frames.}},
journal = {American Psychologist},
year = {1984},
volume = {39},
number = {4},
pages = {1--11}
}

@article{Kahneman:1977ul,
author = {Kahneman, Daniel and Tversky, A},
title = {{Intuitive prediction: Biases and corrective procedures}},
journal = {TIMS Studies
in Management Science},
year = {1977},
volume = {12},
pages = {313--327}
}

@article{Kahneman:1979wl,
author = {Kahneman, Daniel and Tversky, A},
title = {{Prospect theory: An analysis of decision under risk}},
journal = {Econometrica: Journal of the Econometric Society},
year = {1979},
pages = {263--291}
}

@misc{Anonymous:ux,
author = {{Title 18, Part 1, Chapter 119 \S 2510(12)}}
}

@article{Helft:2011wx,
author = {Helft, M and Miller, C},
title = {{Privacy law is outrun by the web}},
journal = {New York Times},
year = {2011},
month = jan,
url = {http://www.nytimes.com/2011/01/10/technology/10privacy.html?_r=1&hp}
}

@techreport{Anonymous:2008vj,
author = {{Center for Democracy and Technology}},
title = {{An overview of the Federal Wiretap Act, Electronic Communications Privacy Act, and State two-party consent laws of relevance to the NebuAd system and other uses of Internet traffic content from ISPs for behavioral advertising}},
year = {2008},
month = jul
}

@article{Anonymous:Hkl3lUXG,
author = {},
title = {{In re: DoubleClick Inc.}},
year = {2001},
journal = {Privacy Litigation 154 F. Supp. 2d 497}
}

@misc{Anonymous:vq,
title = {{United States Code Title 15 \S 45}}
}

@techreport{Anonymous:2010ti,
author = {{Federal Trade Commission}},
title = {{FTC staff issues privacy report, offers framework for consumers, businesses, and policymakers}},
year = {2010},
month = dec
}

@techreport{Staff:2012th,
author = {{Federal Trade Commission}},
title = {{Protecting Consumer Privacy in an Era of Rapid Change--A Proposed Framework for Businesses and Policymakers}},
year = {2012}
}

@article{Bruner:1997ti,
author = {Bruner, R E},
title = {{Cookie proposal could hinder online advertising}},
journal = {Advertising Age},
year = {1997},
url = {http://adage.com/article/news/advertisers-win-debate-cookies/405/}
}

@online{Eichelberger:um,
author = {Eichelberger, L},
title = {{The cookie controversy: privacy issues}},
url = {http://www.cookiecentral.com/ccstory/cc4.htm}
}

@techreport{Schwartz:2009tc,
author = {Schwartz, A},
title = {{Looking Back at P3P: Lessons for the Future}},
year = {2009},
month = nov,
url = {https://www.cdt.org/files/pdfs/P3P_Retro_Final_0.pdf}
}

@online{J:2011wm,
author = {Mayer, J},
title = {{Tracking the trackers: The adChoices icon}},
year = {2011},
month = aug,
url = {http://cyberlaw.stanford.edu/node/6714}
}

@letter{CenterforDemocracy:uc,
author = {{Center for Democracy and Technology}},
title = {{Ehavioral advertising: Tracking, targeting, and technology}},
year = {2007},
url = {https://www.cdt.org/privacy/20071031consumerprotectionsbehavioral.pdf}
}

@techreport{Anonymous:2008vj,
title = {{An overview of the Federal Wiretap Act, Electronic Communications Privacy Act, and State two-party consent laws of relevance to the NebuAd system and other uses of Internet traffic content from ISPs for behavioral advertising}},
year = {2008},
month = jul
}

@online{Anonymous:vz,
author = {{W3C TPWG}},
year = {n.d.},
url = {http://www.w3.org/2011/tracking-protection/}
}

@online{Anonymous:uk,
author = {{W3C TPWG}},
title = {{Tracking Preference Expression (DNT)}},
year = {2011},
url = {http://www.w3.org/2011/tracking-protection/drafts/tracking-dnt.html}
}

@online{WCpublictracking:mGxHNO_D,
author = {{W3C TPWG}},
title = {{Discussion}},
month = {June},
year = {2012},
url = {http://lists.w3.org/Archives/Public/public-tracking/2012Jun/0257.html}
}

@online{Fulton:2012ti,
author = {Fulton, S},
title = {{Dr. Cranor on ``do not track'' {\&} the improbability of complete privacy}},
year = {2012},
month = feb,
url = {http://www.readwriteweb.com/enterprise/2012/02/dr-cranor-on-do-not-track-and.php}
}

@online{Fielding:2012vf,
author = {Fielding, R},
title = {{Re: Intermediaries interfering with DNT decision making. [Online forum comment]}},
month = sep,
day = {12},
year = {2012},
url = {http://lists.w3.org/Archives/Public/public-tracking/2012Sep/0165.html}
}

@inproceedings{Shankland:tz,
author = {Shankland, S},
title = {Apache web software overrides IE10 do-not-track setting},
booktitle = {{CNET, Internet and Media}},
year = {2012},
url = {http://news.cnet.com/8301-1023_3-57508351-93/apache-web-software-overrides-ie10-do-not-track-setting/}
}

@online{J:2012vq,
author = {Mayer, J},
title = {{Adobe's lead DNT negotiator blocked the most popular browser in the most popular server. PR: hey, it was on his own time. Wow that's lame. [Tweet]}},
month = sep,
day = {12},
year = {2012},
url = {https://twitter.com/jonathanmayer/status/244300727726510081}
}

@article{Anonymous:vq,
title = {{United States Code Title 15}}
}

@online{J:2012uz,
author = {Mayer, J},
title = {{Adobe tries to circumvent the W3C Do Not Track consensus process, blacklist Internet Explorer 10 in Apache. Nice try. [Tweet]}},
month = sep,
year = {2012},
day = {7},
url = {https://twitter.com/jonathanmayer/status/244174917615108096}
}

@online{Fielding:2012wh,
author = {Fielding, R},
title = {{Apache does not tolerate deliberate abuse of open standards [Apache / httpd change request]}},
month = sep,
year = {2012},
url = {https://github.com/apache/httpd/commit/a381ff35fa4d50a5f7b9f64300dfd98859dee8d0}
}

@article{Hoofnagle:2012ve,
author = {Hoofnagle, Chris Jay and Soltani, A and Good, N and Wambach, D and Ayenson, M},
title = {Behavioral Advertising: The Offer You Cannot Refuse},
journal = {Harvard Law {\&} Policy Review 273. UC Berkely Public Law Research Paper No. 2137601},
url = {http://ssrn.com/abstract=2137601},
year = {2012}
}

@misc{Anonymous:2009uu,
author = {{Official Journal of the EU}},
title = {{Directive 2009/136/EC of the European Parliament and of the Council}},
year = {2009},
month = dec,
url = {http://eur- lex.europa.eu/LexUriServ/LexUriServ.do?uri=OJ:L:2009:337:0011:0036:en:PDF}
}

@inproceedings{McDonald:2011vx,
author = {McDonald, Aleecia M},
title = {User Perceptions of Do Not Track},
booktitle = {{W3C Workshop on Web Tracking and User Privacy}},
year = {2011},
address = {Princeton},
month = apr
}

@article{McDonald:2011uv,
author = {McDonald, Aleecia M and Peha, J},
title = {Track Gap: Policy Implications of User Expectations for the 'Do Not Track' Internet Privacy Feature},
journal = {TPRC},
year = {2011}
}

@article{McDonald:2008wr,
author = {McDonald, Aleecia M and Cranor, L F},
title = {{Cost of Reading Privacy Policies, The}},
journal = {ISJLP},
year = {2008},
volume = {4},
pages = {543}
}

@article{McDonald:2010vv,
author = {McDonald, Aleecia M},
title = {Cookie confusion: do browser interfaces undermine understanding?},
year = {2010},
journal = {CHI Extended Abstracts},
pages = {4393--4398}
}

@article{McDonald:2010wt,
author = {McDonald, Aleecia M and Cranor, L},
title = {Beliefs and behaviors: Internet users' understanding of behavioral advertising},
journal = {TPRC},
year = {2010}
}

@article{McDonald:2009td,
author = {McDonald, Aleecia M and Cranor, L F},
title = {{An Empirical Study of How People Perceive Online Behavioral Advertising (CMU-CyLab-09-015)}},
year = {2009}
}

@article{McDonald:2010vd,
author = {McDonald, Aleecia M and Cranor, L F},
title = {{Americans' attitudes about internet behavioral advertising practices}},
year = {2010},
pages = {63--72}
}

@inproceedings{McDonald:2009vz,
author = {McDonald, Aleecia M and Reeder, R and Kelley, P G and Cranor, L},
title = {A comparative study of online privacy policies and formats},
booktitle = {{Privacy Enhancing Technologies}},
year = {2009},
organization = {Springer},
pages = {37--55}
}

@article{Kessler:2010vq,
author = {Kessler, S},
title = {{Online behavior tracking and privacy: 7 worst case scenarios}},
year = {2010},
month = nov,
url = {http://mashable.com/2010/11/03/behavior-tracking-privacy/}
}

@article{Gomez:2009ue,
author = {Gomez, J and Pinnick, T and Soltani, A},
title = {{Know Privacy}},
year = {2009},
month = {Jun},
day = {1},
url = {http://knowprivacy.org/}
}

@inproceedings{Egelman:2009ut,
author = {Egelman, S and Tsai, J and Cranor, L F and Acquisti, A},
title = {{Timing is everything? The effects of timing and placement of online privacy indicators}},
booktitle = {{Proceedings of the 27th International Conference on Human Factors in Computing Systems, CHI 2009}},
month = {April},
day = {4 - 9},
city = {Boston},
year = {2009},
pages = {319--328}
}

@article{Fernback:2007bq,
author = {Fernback, J and Papacharissi, Z},
title = {{Online privacy as legal safeguard: the relationship among consumer, online portal, and privacy policies}},
journal = {New Media \& Society},
year = {2007},
volume = {9},
number = {5},
pages = {715--734}
}

@article{Milne:2004dy,
author = {Milne, George R and Culnan, Mary J},
title = {{Strategies for reducing online privacy risks: Why consumers read (or don't read) online privacy notices}},
journal = {Journal of Interactive Marketing},
year = {2004},
volume = {18},
number = {3},
pages = {15--29}
}
@article{Sherman:2008uz,
author = {Sherman, E},
title = {{Privacy Policies are great for PhDs}},
journal = {CBS News Moneywatch},
year = {2008},
month = sep
}

@techreport{Leon:2012vu,
author = {Leon, P Giovanni and Ur, B and Shay, R and Wang, Y and Balebako, R and Cranor, L},
title = {{Why Johnny can't opt out: A usability evaluation of tools to limit online behavioral advertising}},
year = {2012},
number = {CMU-CyLab-11-017}
}

@techreport{Leon:2012dk,
author = {Leon, P Giovanni and Cranshaw, Justin and Cranor, L F and Graves, Jim and Hastak, Manoj and Ur, B and Xu, Guzi},
title = {{What do online behavioral advertising privacy disclosures communicate to users?}},
year = {2012},
number = {CMU-CyLab-12-008}
}

@techreport{Ur:2012ws,
author = {Blase Ur, Pedro Giovanni Leon Lorrie Faith Cranor Richard Shay Yang Wang},
title = {{Smart, useful, scary, creepy: perceptions of online behavioral advertising}},
year = {2012},
number = {CMU-CyLab-12-007}
}

@article{Fowler:vx,
author = {Fowler, A},
title = {{Do not track adoption in Firefox Mobile is 3x higher than desktop}},
year = {2011},
month = nov,
day = {2},
url = {http://blog.mozilla.com/privacy/2011/11/02/do-not-track-adoption-in-firefox-mobile-is-3x-higher-than-desktop/}
}

@article{Fowler:dnt,
author = {Fowler, A},
title = {{Mozilla's new Do Not Track dashboard: Firefox users contine to seek out and enable DNT}},
year = {2013},
day = {3},
month = {May},
url = {http://blog.mozilla.org/privacy/2013/05/03/mozillas-new-do-not-track-dashboard-firefox-users-continue-to-seek-out-and-enable-dnt/}
}

@online{Acohido:2011ta,
author = {Acohido, B},
title = {{Most Google, Facebook users fret over privacy}},
year = {2011},
month = feb,
url = {http://www.gallup.com/poll/146159/facebook-google-users-skew-young-affluent-educated.aspx}
}

@online{Anonymous:K3r7zLAx,
title = {{Mozilla at a glance}},
author = {Mozilla},
url = {http://blog.mozilla.org/press/ataglance/}
}

@online{Anonymous:KXG0mTUq,
title = {{Global stats: Top 5 browsers on Aug 2012}},
author = {Statcounter},
url = {http://gs.statcounter.com/#browser-ww-monthly-201208-201208-bar},
year = {2012}
}

@online{Fowler:2013,
title = {{Firefox getting smarter about third-party cookies}},
author = {Alex Fowler},
month = {Feb},
day = {25},
url = {http://blog.mozilla.org/privacy/2013/02/25/firefox-getting-smarter-about-third-party-cookies/},
year = {2013}
}

@techreport{Soltani:2009vg,
author = {Soltani, A and Canty, S and Mayo, Q and Thomas, L and Hoofnagle, Chris Jay},
title = {{Flash Cookies and Privacy}},
year = {2009},
month = aug
}

@techreport{Hoofnagle:vy,
author = {Hoofnagle, Chris Jay and King, J and Li, Su and Turow, J},
title = {{How different are young adults from older adults when it comes to information privacy attitudes and policies?}},
year = {2010},
month = apr
}

@article{Cranor:2012ui,
author = {Cranor, L},
title = {NECESSARY BUT NOT SUFFICIENT: STANDARDIZED MECHANISMS FOR PRIVACY NOTICE AND CHOICE},
journal = {Journal of Telecommunications and High Technology},
year = {2012}
}

@book{Saffer:2013wn,
author = {Saffer, Dan},
title = {{Microinteractions}},
publisher = {O'Reilly Media},
year = {2013},
series = {Designing with Details},
month = apr
}

@book{Anonymous:gv,
title = {{Encyclopedia of Research Design Encyclopedia of research design}},
publisher = {SAGE Publications, Inc.},
address = {2455 Teller Road,  Thousand Oaks  California  91320  United States }
}

@misc{AdChoicesOurExpe:2012ux,
author = {{Tribal Fusion}},
title = {{AdChoices \- Our experience}},
year = {2012},
url = {http://www.iabuk.net/sites/default/files/Tribal%20Fusion.pdf}
}

@techreport{Hastak:2010vf,
author = {Hastak, Manoj and Culnan, Mary J},
title = {Future of Privacy Forum: Online Behavioral Advertising ``Icon'' Study
},
year = {2010},
month = jan
}

@article{Howe:2006uj,
author = {Howe, J},
title = {{The rise of crowdsourcing}},
journal = {Wired Magazine},
year = {2006}
}

@article{Lanier:2006wb,
author = {Lanier, J},
title = {{Digital maoism}},
journal = {The Edge},
volume = {183},
year = {2006}
}

@book{Lanier:2010ud,
author = {Lanier, Jaron},
title = {{You Are Not a Gadget}},
publisher = {Random House LLC},
year = {2010},
month = jan
}

@article{Mason:2011cl,
author = {Mason, Winter and Suri, Siddharth},
title = {{Conducting behavioral research on Amazon's Mechanical Turk}},
journal = {Behavior Research Methods},
year = {2011},
volume = {44},
number = {1},
pages = {1--23},
month = jun
}

@article{Paolacci:2010ws,
author = {Paolacci, Gabriele and Chandler, Jesse and Ipeirotis, P},
title = {{Running experiments on amazon mechanical turk}},
journal = {Judgment and Decision Making},
year = {2010},
volume = {5},
number = {5},
pages = {411--419}
}

@article{Ipeirotis:2010tt,
author = {Ipeirotis, P},
title = {{Demographics of Mechanical Turk}},
journal = {NYU Working Paper},
year = {2010}
}

@article{Ipeirotis:2010jo,
author = {Ipeirotis, P},
title = {{Analyzing the Amazon Mechanical Turk marketplace}},
journal = {XRDS: Crossroads, The ACM Magazine for Students},
year = {2010},
volume = {17},
number = {2}
}

@inproceedings{Munro:2011tm,
author = {Munro, R and Tily, H},
title = {The start of the art: An introduction to crowdsourcing technologies for language and cognition studies},
booktitle = {{Workshop in Crowdsourcing Technologies for Language and Cognition Studies}},
year = {2011},
pages = {1--10},
address = {Boulder},
month = aug
}

@InProceedings{gormley-EtAl:2010:MTURK,
  author    = {Gormley, Matthew R.  and  Gerber, Adam  and  Harper, Mary  and  Dredze, Mark},
  title     = {Non-Expert Correction of Automatically Generated Relation Annotations},
  booktitle = {{Proceedings of the NAACL HLT 2010 Workshop on Creating Speech and Language Data with Amazon's Mechanical Turk}},
  month     = {June},
  year      = {2010},
  address   = {Los Angeles},
  publisher = {Association for Computational Linguistics},
  pages     = {204--207},
  url       = {http://www.aclweb.org/anthology/W10-0732}
}

@inproceedings{CallisonBurch:2010vk,
author = {Callison-Burch, Chris and Dredze, Mark},
title = {{Creating speech and language data with Amazon's Mechanical Turk}},
booktitle = {{Proceedings of the NAACL HLT 2010 Workshop on Creating Speech and Language Data with Amazon's Mechanical Turk}},
year = {2010},
pages = {1--12}
}

@article{Behrend:2011dx,
author = {Behrend, Tara S and Sharek, David J and Meade, Adam W and Wiebe, Eric N},
title = {{The viability of crowdsourcing for survey research}},
journal = {Behavior Research Methods},
year = {2011},
volume = {43},
number = {3},
pages = {800--813}
}

@article{Paolacci:2010ws,
author = {Paolacci, Gabriele and Chandler, Jesse and Ipeirotis, P},
title = {{Running experiments on Amazon Mechanical Turk}},
journal = {Judgment and Decision Making},
year = {2010},
volume = {5},
number = {5},
pages = {411--419}
}

@article{Chandler:2013bw,
author = {Chandler, Jesse and Mueller, Pam and Paolacci, Gabriele},
title = {{Nonna{\"\i}vet{\'e} among Amazon Mechanical Turk workers: Consequences and solutions for behavioral researchers}},
journal = {{Accepted for publication at Behavior Research Methods}},
year = {2013},
month = jul
}

@misc{Chiarella:2013vz,
title = {{Subject: Does mturk have a new policy excluding international workers? [email]}},
author = {Chiarella, S},
howpublished = {{Tips for Requesters on Mechanical Turk}},
month = {Feb},
day = {11},
year = {2013},
url = {http://turkrequesters.blogspot.com/2013/01/the-reasons-why-amazon-mechanical-turk.html}
}

@article{Reips:2006bm,
author = {Reips, Ulf-Dietrich},
title = {{Standards for Internet-based experimenting}},
journal = {Experimental Psychology (formerly Zeitschrift f{\"u}r Experimentelle Psychologie)},
year = {2006},
volume = {49},
number = {4},
pages = {243--256}
}

@inproceedings{Mason:2009dr,
author = {Mason, Winter and Watts, Duncan J},
title = {Financial incentives and the "performance of crowds"},
booktitle = {{HCOMP '09: Proceedings of the ACM SIGKDD Workshop on Human Computation}},
year = {2009},
publisher = {ACM},
month = jun
}

@inproceedings{Ambati:2010ud,
author = {Ambati, Vamshi and Vogel, Stephan},
title = {{Can crowds build parallel corpora for machine translation systems?}},
booktitle = {{CSLDAMT '10 Proceedings of the NAACL HLT 2010 Workshop on Creating Speech and Language Data with Amazon's Mechanical Turk}},
year = {2010},
pages = {62--65}
}

@inproceedings{Nowak:2010gt,
author = {Nowak, Stefanie and R{\"u}ger, Stefan},
title = {{How reliable are annotations via crowdsourcing}},
booktitle = {{MIR '10 Proceedings of the International Conference on Multimedia Information Retrieval}},
year = {2010},
pages = {557 -- 566},
publisher = {ACM},
address = {New York}
}

@article{Snow:2008wo,
author = {Snow, Rion and O'Connor, Brendan and Jurafsky, Daniel and Ng, Andrew Y},
title = {{Cheap and fast---but is it good? Evaluating non-expert annotations for natural language tasks}},
year = {2008},
pages = {254--263}
}

@article{Alonso:2009vya,
author = {Alonso, Omar and Mizzaro, Stefano},
title = {{Can we get rid of TREC assessors? Using Mechanical Turk for relevance assessment}},
journal = {Proceedings of the SIGIR 2009 Workshop on the Future of IR Evaluation},
year = {2009},
pages = {15--16}
}

@article{Lease:2013vq,
author = {Lease, M and Hullman, J and Bigham, J},
title = {{Mechanical Turk is not anonymous}},
journal = {Social Science Research Network},
year = {2013}
}

@article{Crump:2013fn,
author = {Crump, Matthew J C and McDonnell, John V and Gureckis, Todd M},
title = {Evaluating Amazon's Mechanical Turk as a Tool for Experimental Behavioral Research},
journal = {{PLoS ONE}},
year = {2013},
volume = {8},
number = {3},
pages = {e57410},
month = mar
}

@article{Rush:1978tw,
author = {Rush, Michael C and Phillips, James S and Panek, Paul E},
title = {{Subject recruitment bias: The paid volunteer subject}},
journal = {Perceptual and Motor Skills},
year = {1978},
volume = {47},
number = {2},
pages = {443--449}
}

@article{Buhrmester:2010ur,
author = {Buhrmester, M and Kwang, T and Gosling, S},
title = {Amazon's Mechanical Turk: A New Source of Inexpensive, Yet High-Quality, Data?},
journal = {Perspectives on Psychological Science},
year = {2010},
pages = {1--23}
}

@article{Baron:1988ty,
author = {Baron, J and Hershey, J C},
title = {{Outcome bias in decision evaluation.}},
journal = {{Journal of Personality and Social Psychology}},
volume = {54},
pages = {569-579},
year = {1988}
}

@article{Kahneman:1983tb,
author = {Kahneman, D and Tversky, A},
title = {{Extensional versus intuitive reasoning: The conjunction fallacy in probability judgement}},
journal = {Psychological Review},
volume = {90},
issue = {4},
year = {1983}
}

@inproceedings{Tietze:2009wn,
author = {Tietze, Martin I and Winterboer, Andi and Moore, Johanna},
title = {{The effect of linguistic devices in information presentation messages on comprehension and recall}},
booktitle = {{Proceedings of the 12th European Workshop on Natural Language Generation. Association for Computational Linguistics}},
year = {2009},
pages = {114--117},
month = mar
}

@article{Gibson:2011wp,
author = {Gibson, E and Piantadosi, S},
title = {Using Mechanical Turk to obtain and analyze English acceptability judgments},
journal = {{Language and Linguistics Compass}},
volume = {5},
issue = {8},
pages = {509 -- 524},
year = {2011}
}

@article{Sprouse:2010dx,
author = {Sprouse, Jon},
title = {{A validation of Amazon Mechanical Turk for the collection of acceptability judgments in linguistic theory}},
journal = {Behavior Research Methods},
year = {2010},
volume = {43},
number = {1},
pages = {155--167}
}

@article{Rosnow:1976wy,
author = {Rosnow, R L and Rosenthal, R},
title = {{The volunteer subject revisited}},
journal = {Australian Journal of Psychology},
volume = {28},
issue = {2},
pages = {97-108},
year = {1976}
}

@inproceedings{Assessingthepragma:2011ug,
author = {Anand, P and Andrews, C},
title = {Assessing the pragmatics of experiments with crowdsourcing: The case of scalar implicatures [slides]},
booktitle = {{Crowdsourcing Technologies for Language and Cognition Studies}},
year = {2011},
address = {Boulder},
month = {July},
day = {27},
url = {http://www.crowdsourcing.org/document/assessing-the-pragmatics-of-experiments-with-crowdsourcing-the-case-of-scalar-implicatures/5558}
}

@inproceedings{Degen:tr,
author = {Degen, Judith and Tanenhaus, Michael K},
title = {{A constraint-based approach to scalar implicature processing}},
booktitle = {Poster presented at Experimental Pragmatics 2011},
volume = {51},
pages = {437--457},
year = {2011},
month = {June},
day = {2 -- 4},
city = {Barcelona}
}

@inproceedings{Bergen:2012up,
author = {Bergen, L and Goodman, Noah D and Levy, R},
title = {{That's what she (could have) said: How alternative utterances affect language use}},
booktitle = {CogSci 2012},
year = {2012},
pages = {1--6},
address = {Sapporo}
}

@inproceedings{Stiller:2011vz,
author = {Stiller, Alex and Goodman, Noah D and Frank, Michael C},
title = {{Ad-hoc scalar implicature in adults and children}},
booktitle = { Proceedings of the 33rd Annual Meeting of the Cognitive Science Society},
month = {Jul},
city = {Boston},
year = {2011}
}

@article{McDonald:2011uv,
author = {McDonald, Aleecia M and Peha, J},
title = {{Track Gap: Policy Implications of User Expectations for the 'Do Not Track' Internet Privacy Feature}},
year = {2011}
}

@article{Acquisti:2005hv,
author = {Acquisti, A and Grossklags, J},
title = {{Privacy and rationality in individual decision making}},
journal = {IEEE Security {\&} Privacy},
year = {2005},
pages = {24--30}
}

@article{Ross:2010jm,
author = {Ross, Joel and Irani, Lilly and Silberman, M Six and Zaldivar, Andrew and Tomlinson, Bill},
title = {{Who are the crowdworkers?: Shifting demographics in mechanical turk}},
journal = {CHI EA '10: CHI '10 Extended Abstracts on Human Factors in Computing Systems},
year = {2010},
month = apr
}

@book{Leech:1966wr,
author = {Leech, Geoffrey N},
title = {{English in Advertising}},
publisher = {Longmans},
city = {London},
year = {1966},
series = {A Linguistic Study of Advertising in Great Britain}
}

@book{Harris:1983tj,
author = {Harris, Richard Jackson},
title = {{Information Processing Research in Advertising}},
publisher = {Lawrence Erlbaum Associates},
year = {1983}
}

@book{Vestergaard:1985vn,
author = {Vestergaard, T and Schr{\o}der, K},
title = {{The Language of Advertising}},
publisher = {Blackwell Publishers, Ltd.},
year = {1985}
}

@book{Tanaka:1999tq,
author = {Tanaka, Keiko},
title = {{Advertising Language}},
publisher = {Routledge},
year = {1999},
series = {A Pragmatic Approach to Advertisements in Britain and Japan},
month = jan
}

@book{Cook:2001up,
author = {Cook, Guy},
title = {{The Discourse of Advertising}},
publisher = {Routledge},
year = {2001},
month = jul
}

@book{Geis:1982uf,
author = {Geis, Michael L},
title = {{The Language of Television Advertising}},
publisher = {Academic Press},
year = {1982}
}

@article{Dhar:2003vb,
author = {Dhar, Ravi and Simonson, Itamar},
title = {{The effect of forced choice on choice}},
journal = {Journal of Marketing Research},
year = {2003},
pages = {146--160}
}

@article{Dhar:2000uh,
author = {Dhar, Ravi and Nowlis, Stephen M and Sherman, Steven J},
title = {{Trying hard or hardly trying: An analysis of context effects in choice}},
journal = {Journal of Consumer Psychology},
year = {2000},
volume = {9},
number = {4},
pages = {189--200}
}

@book{Festinger:1964ub,
author = {Festinger, Leon},
title = {{Conflict, Decision, and Dissonance}},
publisher = {Stanford University Press},
year = {1964},
month = jan
}

@book{Janis:1977vx,
author = {Janis, I and Mann, L},
title = {{Decision Making: A Psychological Analysis of Conflict, Choice, and Commitment}},
publisher = {Free Press},
year = {1977}
}

@book{Lewin:1951uj,
title = {{Field Theory in Social Ccience}},
author = {Lewin, Kurt},
publisher = {Harper {\&} Row},
year = {1951}
}

@book{Festinger:1964ub,
author = {Festinger, Leon},
title = {{Conflict, Decision, and Dissonance}},
publisher = {Stanford University Press},
year = {1964},
month = jan
}

@article{Johnson:2002vb,
author = {Johnson, E J and Bellman, S and Lohse, G L},
title = {{Defaults, framing and privacy: Why opting in-opting out}},
journal = {Marketing Letters},
year = {2002},
volume = {13},
number = {1},
pages = {5--15}
}

@article{Bellman:2001vq,
author = {Bellman, S and Johnson, E J and Lohse, G L},
title = {{On site: to opt-in or opt-out? It depends on the question}},
journal = {Communications of the ACM},
year = {2001},
volume = {44},
number = {2},
pages = {25--27}
}

@inproceedings{Lai:2006tm,
author = {Lai, Y L and Hui, K L},
title = {{The opt-in and opt-out debate: Is it really necessary?}},
booktitle = {{CHI 2006 Workshop on
Privacy-Enhanced Personalization}},
year = {2006},
pages = {1--2},
address = {Montr{\'e}al},
month = apr
}

@inproceedings{Lai:2006ws,
author = {Lai, Y L and Hui, K L},
title = {{Internet opt-in and opt-out: Investigating the roles of frames, defaults and privacy concerns}},
year = {2006},
booktitle = {{Proceedings of the 2006 ACM SIGMIS CPR Conference on Computer Personnel Research: Forty Four Years of Computer Personnel Research: Achievements, Challenges \& the Future}},
pages = {253--263}
}

@inproceedings{Bailey:2000up,
author = {Bailey, Brian P and Konstan, Joseph A and Carlis, John V},
title = {{Adjusting windows: Balancing information awareness with intrusion}},
booktitle = {{ Proceedings of the 6th Conference on Human Factors and the Web}},
year = {2000},
pages = {39--83}
}

@article{Bailey:2006bp,
author = {Bailey, Brian P and Konstan, Joseph A},
title = {{On the need for attention-aware systems: Measuring effects of interruption on task performance, error rate, and affective state}},
journal = {Computers in Human Behavior},
year = {2006},
volume = {22},
number = {4},
pages = {685--708}
}

@book{Levinson:1983ww,
author = {Levinson, Stephen C},
title = {{Pragmatics}},
publisher = {Cambridge University Press},
year = {1983},
month = jun
}

@article{Geis:1971vb,
author = {Geis, M L and Zwicky, A M},
title = {On invited inferences},
journal = {Linguistic Inquiry},
year = {1971},
volume = {2},
issue = {4},
pages = {561-566}
}

@article{Fillenbaum:1975tr,
author = {Fillenbaum, S},
title = {{IF: Some uses}},
journal = {Psychological Research},
year = {1975},
volume = {37},
issue = {3},
pages = {245--260}
}

@article{Brewer:1977tl,
author = {Brewer, William F},
title = {Memory for the pragmatic implications of sentences},
journal = {Memory {\&} Cognition},
year = {1977},
volume = {5},
number = {6},
pages = {673--678}
}

@article{Horn:2000ti,
author = {Horn, L R},
title = {From if to iff: Conditional perfection as pragmatic strengthening},
journal = {Journal of Pragmatics},
year = {2000},
volume = {32},
number = {3},
pages = {289--326}
}

@article{McDonald:2009td,
author = {McDonald, Aleecia M and Cranor, L F},
title = {An empirical study of how people perceive online behavioral advertising (CMU-CyLab-09-015)},
year = {2009}
}

@techreport{Leon:2012vu,
author = {Leon, P Giovanni and Ur, B and Shay, R and Wang, Y and Balebako, R and Cranor, L},
title = {{Why Johnny can't opt out: A usability evaluation of tools to limit online behavioral advertising}},
year = {2012},
number = {CMU-CyLab-11-017}
}

@article{Searle:1971vx,
author = {Searle, John R},
title = {{What is a speech act}},
journal = {The Philosophy of Language},
year = {1971},
volume = {3},
pages = {1965--1996}
}

@book{Stenning:2006wu,
author = {Stenning, Keith and Lascarides, Alex and Calder, Jo},
title = {{Introduction to Cognition And Communication}},
publisher = {Bradford Books},
year = {2006}
}

@book{Stenning:2002vd,
author = {Stenning, Keith},
title = {{Seeing Reason}},
publisher = {OUP Oxford},
year = {2002},
series = {Image and Language in Learning to Think},
month = aug
}

@article{Stenning:1995ka,
author = {Stenning, Keith and Oberlander, Jon},
title = {{A cognitive theory of graphical and linguistic reasoning: Logic and implementation}},
journal = {Cognitive Science},
year = {1995},
volume = {19},
number = {1},
pages = {97--140}
}

@article{Garrod:2007wk,
author = {Garrod, Simon and Fay, Nicolas and Lee, J and Oberlander, J and MacLeod, T},
title = {{Foundations of representation: Where might graphical symbol systems come from?}},
journal = {Cognitive Science},
volume = {31},
issue = {6},
pages = {961 -- 987},
year = {2007}
}

@article{Oberlander:1995vv,
author = {Oberlander, Jon},
title = {{Grice for graphics: pragmatic implicature in network diagrams}},
journal = {Information design journal},
year = {1995},
volume = {8},
number = {2},
pages = {163--179}
}

@article{Stenning:1995ka,
author = {Stenning, Keith and Oberlander, Jon},
title = {{A cognitive theory of graphical and linguistic reasoning: Logic and implementation}},
journal = {Cognitive Science},
year = {1995},
volume = {19},
number = {1},
pages = {97--140}
}


@inproceedings{Marks:1990wh,
author = {Marks, Joseph and Reiter, Ehud},
title = {{Avoiding unwanted conversational implicatures in text and graphics}},
booktitle = {{AAAI-90}},
year = {1990},
pages = {1--7},
publisher = {Harvard University, Center for Research in Computing Technology, Aiken Computation Laboratory}
}

@article{Tanenhaus:2000hi,
author = {Tanenhaus, M K and Magnuson, J S and Dahan, D and Chambers, C},
title = {{Eye movements and lexical access in spoken-language comprehension: evaluating a linking hypothesis between fixations and linguistic processing.}},
journal = {Journal of Psycholinguistic Research},
year = {2000},
volume = {29},
number = {6},
pages = {557--580}
}

@article{Ferreira:2007eo,
author = {Ferreira, Fernanda and Tanenhaus, Michael K},
title = {{Introduction to the special issue on language--vision interactions}},
journal = {Journal of Memory and Language},
year = {2007},
volume = {57},
number = {4},
pages = {455--459}
}

@article{Eberhard:1995fa,
author = {Eberhard, K M KM and Spivey-Knowlton, M J MJ and Sedivy, J C JC and Tanenhaus, M K MK},
title = {{Eye movements as a window into real-time spoken language comprehension in natural contexts.}},
journal = {Journal of Psycholinguistic Research},
year = {1995},
volume = {24},
number = {6},
pages = {409--436}
}

@article{Tanenhaus:1995tc,
author = {Tanenhaus, M K MK and Spivey-Knowlton, M J MJ and Eberhard, K M KM and Sedivy, J C JC},
title = {{Integration of visual and linguistic information in spoken language comprehension.}},
journal = {Science},
year = {1995},
volume = {268},
number = {5217},
pages = {1632--1634}
}

@article{Tanenhaus:1996ur,
author = {Tanenhaus, Michael K and Spivey-Knowlton, M J},
title = {{Eye-Tracking}},
journal = {Language and Cognitive Processes},
year = {1996},
volume = {11},
number = {6},
pages = {583--588}
}

@proceedings{PowerAnalysisIntro:2012uy,
author = {Berger, D},
title = {{Power analysis: Introduction to power analysis with G*Power 3}},
year = {2012},
url = {http://wise.cgu.edu/downloads/Power%20Analysis%20with%20GPower%20120409.pdf}
}

@misc{AAAA:2009uc,
title = {{Self-Regulatory Principles for Online Behavioral Advertising}},
author = {{AAAA} and {ANA} and {BBB} and {DMA} and {IAB}},
month = jul,
year = {2009},
url = {http://www.iab.net/public_policy/behavioral-advertisingprinciples}
}

@misc{Anonymous:2011ur,
author = {DAA},
title = {{Implementing the DAA icon - An ad creative primer}},
month = jun,
year = {2011},
url = {http://www.iab.net/media/file/DAA_Icon_Ad_Marker_Creative_Guidelines_10-31-2013.pdf}
}

@techreport{Logic:2011wn,
author = {{Evidon}},
title = {{Consumer interactions with ad notice}},
year = {2011},
url = {http://www.evidon.com/content/consumer-interactions-within-ad-notice}
}

@techreport{Toluna:2012uj,
author = {{Toluna}},
title = {{Consumer Attitudes toward Transparency in Data Collection}},
year = {2012}
}

@article{Cranor:2012ui,
author = {Cranor, L F},
title = {{Can Users Control Online Behavioral Advertising Effectively?}},
journal = {Security {\&} Privacy, IEEE},
year = {2012},
volume = {10},
number = {2},
pages = {93--96}
}

@techreport{Staff:2012th,
author = {Staff, FTC},
title = {{Protecting Consumer Privacy in an Era of Rapid Change--A Proposed Framework for Businesses and Policymakers}},
year = {2012}
}

@techreport{Evidon:2013va,
author = {{Evidon}},
title = {{Evidon global tracker report}},
year = {2013},
number = {Distributed at IAB Annual Leadership Meeting},
month = feb
}

@article{Otlacan:0FDP0X6N,
author = {Otlacan, Otilia},
title = {{Evidon passes 50 billion impressions served, 80 million unique users}},
url = {http://www.adoperationsonline.com/2011/08/11/evidon-passes-50-billion-impressions-served-80-million-unique-users/},
year = {2011}
}

@article{Dunaway:dVJ7JFhh,
author = {Dunaway, Gavin},
title = {{Evidon reports 500,000 OBA opt-outs over 50 billion impressions}},
url = {http://www.adotas.com/2011/08/evidon-reports-500000-oba-opt-outs-over-50-billion-impressions/},
year = {2011}
}

@proceedings{AdChoicesOurExpe:2012ux,
title = {{AdChoices - Our Experience}},
year = {2012},
month = may
}
@proceedings{AdChoicesOurExpe:2012ux,
title = {{AdChoices - Our Experience}},
year = {2012},
month = may
}

@inproceedings{BannerAdDesign:2011tg,
author = {McGlaughlin, Flint},
title = {{Banner Ad Design}},
booktitle = {MarketingExperiments.com},
year = {2011},
pages = {1--40},
month = dec
}

@inproceedings{OnlineAdvertisingF:2012wu,
author = {McGlaughlin, Flint and Fagin, E},
title = {{Online Advertising Forensics}},
booktitle = {MarketingExperiments.com},
year = {2012},
pages = {1--42},
month = may,
url = {http://marketingexperiments.com}
}

@article{Anonymous:iPLCQu77,
author = {Crimtan.com},
title = {{Cookie Deadline Sees AdChoices Icon Rolled Out in Ireland}},
url = {http://crimtan.com/cookie-deadline-sees-adchoices-icon-rolled-out-in-ireland/}
}

@inproceedings{Vogels:2011wj,
author = {Vogels, Jorrig and Krahmer, Emiel and Maes, Alfons},
title = {{How visual saliency affects referent accessibility}},
booktitle = {{Proceedings of the 33rd Annual Conference of the Cognitive Science Society}},
year = {2011},
editor = {Carlson, L and Hoelscher, C and Shipley},
pages = {3128--2122},
address = {Austin}
}

@incollection{Schmid:2012wt,
author = {Schmid, H J},
title = {{Generalizing the apparently ungeneralizable. Basic ingredients of a cognitive-pragmatic approach to the construal of meaning-in-context}},
booktitle = {{Cognitive Pragmatics}},
year = {2012},
pages = {1--51},
publisher = {De gruyter},
month = oct
}

@article{Schmid:2007vq,
author = {Schmid, Hans-J{\"o}rg},
title = {{Entrenchment, salience, and basic levels}},
journal = {Handbook of Cognitive Linguistics},
year = {2007},
pages = {117--138}
}

@article{Gundel:2012kq,
author = {Gundel, J and Hedberg, Nancy N and Zacharski, Ron R},
title = {{Underspecification of cognitive status in reference production: some empirical predictions.}},
journal = {Topics in Cognitive Science},
year = {2012},
volume = {4},
number = {2},
pages = {249--268}
}

@inproceedings{Gundel:2003tp,
author = {Gundel, J},
title = {{Information Structure and Referential Givenness/Newness}},
booktitle = {{Proceedings of the HPSG03 Conference}},
year = {2003},
editor = {Muller, Stefan}
}

@article{Gundel:1993uq,
author = {Gundel, J and Hedberg, Nancy and Zacharski, Ron},
title = {{Cognitive status and the form of referring expressions in discourse}},
journal = {Language},
year = {1993},
volume = {69},
pages = {274--307}
}

@article{Hegarty:2010ex,
author = {Hegarty, Mary and Canham, Matt S and Fabrikant, Sara I},
title = {{Thinking about the weather: How display salience and knowledge affect performance in a graphic inference task.}},
journal = {Journal of Experimental Psychology: Learning, Memory, and Cognition},
year = {2010},
volume = {36},
number = {1},
pages = {37--53}
}

@article{Elazary:2008jk,
author = {Elazary, L and Itti, L},
title = {{Interesting objects are visually salient}},
journal = {Journal of Vision},
year = {2008},
volume = {8},
number = {3},
pages = {3--3}
}

@article{Hoffman:1997vx,
author = {Hoffman, Donald D and Singh, Manish},
title = {{Salience of visual parts}},
journal = {Cognition},
year = {1997},
volume = {63},
number = {1},
pages = {29--78}
}

@inproceedings{SantaCruzlectures:1971te,
author = {Fillmore, C},
title = {{Santa Cruz lectures on deixis}},
booktitle = {{Reproduced by the Indiana University Linguistics Club 1975}},
year = {1971},
pages = {1--89}
}

@article{Atkin:2005wd,
author = {Atkin, A},
title = {{Peirce on the index and indexical reference}},
journal = {Transactions of the Charles S. Peirce Society},
year = {2005},
volume = {41},
number = {1},
pages = {161--188}
}

@incollection{Clark:2003tn,
author = {Clark, H H},
title = {{Pointing and placing}},
booktitle = {{Pointing. Where Language, Culture, and Cognition Meet}},
year = {2003},
editor = {Kita, S},
pages = {243--268},
publisher = {Lawrence Erlbaum},
address = {Hillsdale},
annote = {GUIs rely on two basic operations: clicking and dragging. These extend basic directing-to and placing-for means for indication.}
}

@article{Kaplan:1980te,
author = {Kaplan, David},
title = {{Demonstratives}},
year = {1980}
}

@book{lewis69,
author = {Lewis, D},
title = {{Convention: A Philosophical Study}},
publisher = {Harvard University Press},
year = {1969}
}

@inproceedings{Loehr:1997uq,
author = {Loehr, Dan},
title = {{Hypertext and deixis}},
booktitle = {Referring Phenomena '97: Referring Phenomena in a Multimedia Context and their Computational Treatment},
year = {1997},
month = jul
}

@book{Lakoff:2008tq,
author = {Lakoff, George},
title = {{Women, Fire, and Dangerous Things}},
publisher = {University of Chicago Press},
city = {Chicago},
year = {2008},
month = aug
}

@article{Cheng:2007eh,
author = {Cheng, Hong-In and Patterson, Patrick E},
title = {{Iconic hyperlinks on e-commerce websites}},
journal = {Applied Ergonomics},
year = {2007},
volume = {38},
number = {1},
pages = {65--69}
}

@article{Wiedenbeck:1999vk,
author = {Wiedenbeck, Susan},
title = {{The use of icons and labels in an end user application program: an empirical study of learning and retention}},
journal = {Behaviour {\&} Information Technology},
year = {1999},
volume = {18},
number = {2},
pages = {68--82}
}

@online{Interbrand:aa,
author = {Interbrand},
title = {{Interbrand Best Global Brands 2013}},
year = {2013},
url = {http://interbrand.com/en/best-global-brands/2013/Best-Global-Brands-2013.aspx}
}

@inproceedings{Adjerid:2012wz,
author = {Adjerid, Idris and Acquisti, Alessandro and Brandimarte, Laura and Loewenstein, George},
title = {{Sleights of Privacy: Framing, Disclosures, and the Limits of Transparency}},
booktitle = {{Workshop on Information Systems and Economics}},
year = {2012},
address = {Orlando},
month = dec
}

@article{Acquisti:2012tp,
author = {Acquisti, Alessandro and John, Leslie K and Loewenstein, George},
title = {{The impact of relative standards on the propensity to disclose}},
journal = {Journal of Marketing Research},
year = {2012},
volume = {49},
number = {2},
pages = {160--174}
}

@article{Thewebsiteofthew:vo,
author = {Cern},
title = {The website of the world's first-ever web server},
url = {http://info.cern.ch}
}

@article{John:2009wg,
author = {John, Leslie K and Acquisti, Alessandro and Loewenstein, George},
title = {{The Best of Strangers: Context-dependent willingness to divulge personal information}},
year = {2009},
url = {http://ssrn.com/abstract=1430482}
}

@article{Schwartz:2001uk,
author = {Schwartz, J},
title = {{Giving web a memory cost its users privacy}},
journal = {New York Times},
year = {2001},
month = sep,
day = {4},
url = {http://www.nytimes.com/2001/09/04/business/giving-web-a-memory-cost-its-users-privacy.html}
}

@book{Goffman:1981tm,
title = {{Forms of Talk}},
author = {Goffman, E},
publisher = {University of Pennsylvania Press},
address = {Philadelphia},
year = {1981}
}

@article{Goffman:1964tz,
author = {Goffman, E},
title = {{The neglected situation}},
journal = {American Anthropologist},
year = {1964},
volume = {66},
number = {6},
pages = {133--136}
}

@article{Goffman:1959tf,
author = {Goffman, E},
title = {{Presentation of Self in Everyday Life}},
journal = {American Journal of Sociology},
year = {1959},
volume = {55},
pages = {6--7}
}

@book{Hymes:1974wr,
author = {Hymes, D},
title = {{Foundations in Sociolinguistics}},
publisher = {University of Pennsylvania Press},
year = {1974},
series = {An Etnographic Approach}
}

@article{Gumperz:1964ug,
title = {{The ethnography of communication}},
journal = {{American Anthropologist}},
volume = {66},
issue = {6},
author = {Gumperz, John Joseph and Hymes, Dell H},
year = {1964}
}

@book{Gumperz:1982tc,
author = {Gumperz, John Joseph},
title = {{Discourse Strategies}},
publisher = {Cambridge University Press},
year = {1982},
month = sep
}

@article{Garfinkel:1967vn,
author = {Garfinkel, H},
title = {{Studies in Ethnomethodology}},
journal = {Blackwell Publishing Ltd.},
year = {1967}
}

@article{Schegloff:1977tc,
author = {Schegloff, E A and Jefferson, G and Sacks, H},
title = {{The preference for self-correction in the organization of repair in conversation}},
journal = {Language},
year = {1977},
volume = {53},
pages = {361--382}
}

@article{Sacks:1974uy,
author = {Sacks, H and Schegloff, E A and Jefferson, G},
title = {{A simplest systematics for the organization of turn-taking for conversation}},
journal = {Language},
year = {1974},
volume = {50},
pages = {696--735}
}

@article{Schegloff:1973tg,
author = {Schegloff, E A and Sacks, H},
title = {{Opening up closings}},
journal = {Semiotica},
year = {1973},
pages = {289--327}
}

@incollection{Jefferson:1972ta,
author = {Jefferson, G},
title = {{Side sequences}},
booktitle = {{Studies in Social Interaction}},
year = {1972},
editor = {Sadrow, D},
pages = {294--338},
publisher = {Free Press},
address = {New York}
}

@article{Clark:2004in,
author = {Clark, H H and Krych, Meredyth A},
title = {{Speaking while monitoring addressees for understanding}},
journal = {Journal of Memory and Language},
year = {2004},
volume = {50},
number = {1},
pages = {62--81},
month = jan
}

@incollection{Clark:2002vz,
author = {Clark, H H},
title = {{Bridging}},
booktitle = {{Theoretical Issues in Natural Language Processing}},
editor = {Schank, R C and Nash-Webber, B L},
publisher = {Association for Computing Machinery},
city = {New York},
year = {2002},
pages = {1--6}
}

@article{Clark:1995vu,
author = {Clark, H H and Bly, Bridget},
title = {{Pragmatics and discourse}},
journal = {Speech, language, and communication},
year = {1995},
pages = {371--410}
}

@incollection{Clark:1992ty,
author = {Clark, H H and Schaefer, E F},
title = {Dealing with overhearers},
booktitle = {{Arenas of Language Use}},
publisher = {University of Chicago Press, Chicago},
year = {1992}
}

@article{Schober:1989wn,
author = {Schober, M F and Clark, H H},
title = {{Understanding by addressees and overhearers}},
journal = {Cognitive Psychology},
year = {1989},
volume = {21},
number = {2},
pages = {211--232}
}

@article{Clark:1987wh,
author = {Clark, H H and Schaefer, E F},
title = {{Concealing one's meaning from overhearers}},
journal = {Journal of Memory and Language},
year = {1987},
volume = {26},
number = {2},
pages = {209--225}
}

@article{Clark:1983vt,
author = {Clark, H H and Schreuder, Robert and Buttrick, Samuel},
title = {{Common ground at the understanding of demonstrative reference}},
journal = {Journal of verbal learning and verbal behavior},
year = {1983},
volume = {22},
number = {2},
pages = {245--258}
}

@article{Clark:1982tg,
author = {Clark, H H and Carlson, T B},
title = {{Hearers and speech Acts}},
journal = {Language},
year = {1982},
volume = {58},
pages = {332--373}
}

@article{Clark:1969tx,
author = {Clark, H H},
title = {{Linguistic processes in deductive reasoning}},
journal = {Psychological Review},
year = {1969},
volume = {76},
number = {4},
pages = {387--404}
}

@article{Bell:1984tx,
author = {Bell, A},
title = {{Language style as audience design}},
journal = {Language in Society},
year = {1984},
pages = {145--204}
}

@article{Dynel:2011gv,
author = {Dynel, Marta},
title = {{Revisiting Goffman's postulates on participant statuses in verbal interaction}},
journal = {Language and Linguistics Compass},
year = {2011},
volume = {5},
number = {7},
pages = {454--465},
month = jul
}

@article{Dynel:2011fd,
author = {Dynel, Marta},
title = {{On "Revolutionary Road": A proposal for extending the Gricean model of communication to cover multiple hearers}},
journal = {Lodz Papers in Pragmatics},
year = {2011},
volume = {6},
number = {2},
pages = {283--304}
}

@article{Dynel:pcVKL3JD,
author = {Dynel, Marta},
title = {{Not hearing things--Hearer/listener categories in polylogues}},
journal = {MediAzioni},
year = {2010},
volume = {9}
}

@article{Dynel:2010th,
author = {Dynel, Marta},
title = {{Not hearing things - Hearer/listener categories in polylogues}},
journal = {MediAzioni},
year = {2010},
volume = {9}
}

@incollection{Clark:2001uu,
author = {Clark, H H},
title = {{Conversation: Linguistic Aspects}},
booktitle = {{International Encyclopedia of Social and Behavioral Sciences}},
year = {2001},
editor = {Smelser, N and Baltes, P},
pages = {2744--2747},
publisher = {Elsevier},
address = {London}
}

@incollection{Levinson:1988wt,
author = {Levinson, S C},
title = {{Putting linguistics on a proper footing: Explorations in Goffman's concepts of participation.}},
booktitle = {{Goffman: Exploring the Interaction Order}},
year = {1988},
editor = {Drew, P and Wootton, A},
pages = {161--227},
publisher = {Polity Press},
address = {Oxford}
}

@article{Hill:2013wp,
author = {Hill, K},
title = {{Use Of ad blocking is on the rise}},
journal = {Forbes Magazine},
year = {2013},
dat = {21},
month = aug,
url = {http://www.forbes.com/sites/kashmirhill/2013/08/21/use-of-ad-blocking-is-on-the-rise/}
}

%% Created using Papers on Fri, 01 Nov 2013.
%% http://papersapp.com/papers/

@article{Geurts:2009fw,
author = {Geurts, Bart and Pouscoulous, Nausicaa},
title = {{Embedded implicatures?!?}},
journal = {Semantics and Pragmatics},
year = {2009},
volume = {2},
issue = {4-1}
}

@article{Pouscoulous:2007tt,
author = {Pouscoulous, Nausicaa and Geurts, Bart},
title = {{Experimental evidence against local implicatures}},
year = {2007},
pages = {4--6}
}

@article{CliftonJr:2010dt,
author = {Clifton, Jr., Charles and Dube, Chad},
title = {{Embedded implicatures observed: a comment on Geurts and Pouscoulous (2009)}},
journal = {Semantics and Pragmatics},
year = {2010},
volume = {3},
issue = {7}
}

@article{Pickering:2013gy,
author = {Pickering, Martin J},
title = {{How tightly are production and comprehension interwoven?}},
journal = {Frontiers in Psychology},
year = {2013},
volume = {4},
number = {238},
pages = {1--2},
month = apr
}

@article{Pickering:2003uy,
author = {Pickering, Martin J and Garrod, Simon},
title = {{Toward a mechanistic psychology of dialogue}},
journal = {Behavioral and Brain Sciences},
volume = {27},
issue = {2},
pages = {169 -- 189},
year = {2003}
}

@article{Dreze:2003is,
author = {{Dreze} and {Hussherr}},
title = {{Internet advertising: Is anybody watching?}},
journal = {Journal of Interactive Marketing},
year = {2003},
volume = {17},
number = {4},
pages = {16--16}
}

@article{Goldfarb:2011kh,
author = {Goldfarb, Avi and Tucker, Catherine},
title = {{Online display advertising: Targeting and obtrusiveness}},
journal = {Marketing Science},
year = {2011},
volume = {30},
number = {3},
pages = {389--404}
}

@inproceedings{Buscher:2010uo,
author = {Buscher, Georg and Dumais, Susan T and Cutrell, Edward},
title = {{The good, the bad, and the random: an eye-tracking study of ad quality in web search}},
booktitle = {{Proceedings of the 33rd international ACM SIGIR Conference on Research and Development in Information Retrieval}},
year = {2010},
publisher = {ACM},
pages = {42--49}
}

@article{Leacock:2005ut,
author = {Leacock, M and Malone, E and Wheeler, C},
title = {{Implementing a pattern library in the real world: 
A Yahoo! case study}},
journal = {ASIS{\&}T IA Summit},
year = {2005},
pages = {1--10}
}

@article{Willems:2011gp,
author = {Willems, Roel M RM and Labruna, Ludovica L and D'Esposito, Mark M and Ivry, Richard R and Casasanto, Daniel D},
title = {{A functional role for the motor system in language understanding: evidence from theta-burst transcranial magnetic stimulation.}},
journal = {Psychological Science},
year = {2011},
volume = {22},
number = {7},
pages = {849--854}
}

@article{Madan:2012ja,
author = {Madan, Christopher R and Singhal, Anthony},
title = {{Consciousness and cognition}},
journal = {Consciousness and Cognition},
year = {2012},
volume = {21},
number = {3},
pages = {1563--1570}
}

@article{deNooijer:2013jc,
author = {de Nooijer, J A and van Gog, T and Paas, F and Zwaan, R},
title = {When Left Is Not Right: Handedness Effects on Learning Object-Manipulation Words Using Pictures With Left- or Right-Handed First-Person Perspectives},
journal = {Psychological Science},
year = {2013},
volume = {24},
issue = {11}
}

@article{Zwaan:2013wk,
author = {Zwaan, R and Radvansky, Gabriel A},
title = {{Situation models in language comprehension and memory.}},
journal = {Psychological Bulletin},
year = {2013},
volume = {123},
number = {2},
pages = {1--24}
}

@article{Kurby:2013tp,
author = {Kurby, C A and Zacks, J M},
title = {{The activation of modality-specific representations during discourse processing}},
journal = {Brain and Language},
volume = {126},
issue = {3},
pages = {338 -- 349},
year = {2013}
}

@book{Kosslyn:2006tj,
author = {Kosslyn, S and Thompson, W and Ganis, G},
title = {{The Case for Mental Imagery}},
publisher = {Oxford University Press},
year = {2006},
month = mar
}

@article{Kintsch:1978vz,
author = {Kintsch, Walter and van Dijk, Teun A},
title = {{Toward a model of text comprehension and production}},
journal = {Psychological Review},
year = {1978},
volume = {85},
number = {5},
pages = {363--394}
}

@article{vanDijk:1990tc,
author = {van Dijk, Teun A},
title = {{Social cognition and discourse}},
journal = {{Handbook of Language and Social Psychology}},
year = {1990},
pages = {163--183}
}

@article{vanDijk:1990tc,
author = {van Dijk, Teun A},
title = {{Social cognition and discourse}},
journal = {{Handbook of Language and Social Psychology}},
year = {1990},
pages = {163--183}
}

@article{Zwaan:2002va,
author = {Zwaan, R and Radvansky, Gabriel A},
title = {{Situation models and themes}},
year = {2002},
journal = {Thematics: Interdisciplinary Studies},
pages = {35--53}
}

@article{Gernsbacher:2013vl,
author = {Gernsbacher, M and Varner, K and Faust, M},
title = {{Investigating differences in general comprehension skill.}},
journal = {Journal of Experimental Psychology: Learning, Memory, and Cognition},
year = {2013},
volume = {16},
number = {3},
pages = {430--445}
}

@article{Dell:1986vk,
author = {Dell, G S GS},
title = {{A spreading-activation theory of retrieval in sentence production.}},
journal = {Psychological Review},
year = {1986},
volume = {93},
number = {3},
pages = {283--321},
month = jul
}

@book{Levelt:1993tk,
author = {Levelt, Willem J M},
title = {{Speaking}},
publisher = {MIT Press},
year = {1993},
series = {From Intention to Articulation}
}

@article{Bargh:2006bo,
author = {Bargh, John A},
title = {{What have we been priming all these years? On the development, mechanisms, and ecology of nonconscious social behavior}},
journal = {European Journal of Social Psychology},
year = {2006},
volume = {36},
number = {2},
pages = {147--168}
}

@article{MacDonald:2013bx,
author = {MacDonald, Maryellen C},
title = {{How language production shapes language form and comprehension}},
journal = {Frontiers in Psychology},
year = {2013},
volume = {4},
number = {226},
pages = {1--16}
}

@article{Brennan:1996ud,
author = {Brennan, S E and Clark, H H},
title = {{Conceptual pacts and lexical choice in conversation.}},
journal = {Journal of Experimental Psychology: Learning, Memory, and Cognition},
year = {1996},
volume = {22},
number = {6},
pages = {1482--1493}
}

@article{Clark:1986uw,
author = {Clark, H H and Wilkes-Gibbs, D},
title = {{Referring as a collaborative process}},
journal = {Cognition},
year = {1986},
volume = {22},
issue = {1},
pages = {1--39}
}

@article{WilkesGibbs:1992ui,
author = {Wilkes-Gibbs, D and Clark, H H},
title = {{Coordinating beliefs in conversation}},
journal = {Journal of Memory and Language},
year = {1992},
volume = {31},
issue = {2},
pages = {183--194}
}

@article{Branigan:2007ug,
author = {Branigan, H and Pickering, Martin J and McLean, M and Cleland, A},
title = {{Participant role and syntactic alignment in dialogue}},
journal = {Cognition},
year = {2007},
volume = {104},
issue = {2},
pages = {163--197}
}

@article{Bard:2000bp,
author = {{Bard} and {Anderson} and {Sotillo} and {Aylett} and {Newlands}},
title = {Controlling the Intelligibility of Referring Expressions in Dialogue},
journal = {Journal of Memory and Language},
year = {2000},
volume = {42},
number = {1},
pages = {22--22}
}

@article{Levelt:1982vr,
author = {Levelt, WJM and Kelter, S},
title = {{Surface form and memory in question answering}},
journal = {Cognitive Psychology},
year = {1982}
}

@book{Traxler:2011uv,
author = {Traxler, Matthew and Gernsbacher, Morton Ann},
title = {{Handbook of Psycholinguistics}},
publisher = {Academic Press},
year = {2011},
month = apr
}

@article{Zwaan:1999td,
author = {Zwaan, R},
title = {{Embodied cognition, perceptual symbols, and situation models}},
journal = {Discourse Processes},
year = {1999},
volume = {28},
pages = {81--88}
}

@inproceedings{Goldstein:2013ww,
author = {Goldstein, D G and McAfee, R P and Suri, S},
title = {{The cost of annoying ads}},
booktitle = {{Proceedings of the 22nd International Conference on World Wide Web}},
year = {2013},
pages = {459-470}
}

@book{Tanaka:1999tq,
author = {Tanaka, Keiko},
title = {{Advertising Language}},
publisher = {Routledge},
year = {1999},
series = {A Pragmatic Approach to Advertisements in Britain and Japan},
month = jan
}

@book{Geis:1982uf,
author = {Geis, Michael L},
title = {{The language of Television Advertising}},
publisher = {Academic Press},
year = {1982}
}

@book{Vestergaard:1985vna,
author = {Vestergaard, T and Schr{\o}der, K},
title = {{The Language of Advertising}},
publisher = {Blackwell Publishers, Ltd.},
year = {1985},
address = {Oxford}
}

@book{Huang:2007ww,
author = {Huang, Yan},
title = {{Pragmatics}},
publisher = {Oxford University Press, USA},
year = {2007}
}

@article{Russell:1905tj,
author = {Russell, B},
title = {{On denoting}},
journal = {Mind},
year = {1905}
}

@book{Austin:1975vd,
author = {Austin, John Langshaw},
title = {{How to Do Things with Words}},
publisher = {Harvard University Press},
year = {1975},
month = jan
}

@incollection{Grice:1975vw,
author = {Grice, H P},
title = {{Logic and conversation}},
booktitle = {{Syntax and Semantics 3: Speech Acts}},
year = {1975},
editor = {{Cole et al.}},
pages = {41--58},
publisher = {1975}
}

@inproceedings{Grice:1961ud,
author = {Grice, H P and White, A R},
title = {{The causal theory of perception}},
booktitle = {{Proceedings of the Aristotelian Society}},
year = {1961},
pages = {121--153}
}

@book{Searle:1969vw,
author = {Searle, John R},
title = {{Speech Acts}},
publisher = {Cambridge University Press},
year = {1969},
series = {An Essay in the Philosophy of Language},
month = jan
}

@book{Gumperz:1982tc,
author = {Gumperz, John Joseph},
title = {{Discourse Strategies}},
publisher = {Cambridge University Press},
year = {1982},
month = sep
}

@book{gumperz:1972tf,
author = {Gumperz, John Joseph and Hymes, D},
title = {{Directions in Sociolinguistics; the Ethnography of Communication}},
publisher = {Holt, Rinehart, and Winston},
year = {1972},
address = {New York}
}

@book{Gumperz:1964ug,
title = {{The Ethnography of Communication}},
author = {Gumperz, John Joseph and Hymes, Dell H},
year = {1964}
}

@book{Hymes:1974wr,
author = {hymes, D},
title = {{Foundations in Sociolinguistics}},
publisher = {University of Pennsylvania Press},
year = {1974},
series = {An Etnographic Approach}
}

@article{Sacks:1974uy,
author = {Sacks, H and Schegloff, E A and Jefferson, G},
title = {{A simplest systematics for the organization of turn-taking for conversation}},
journal = {Language},
year = {1974},
volume = {50},
pages = {696--735}
}

@article{Schegloff:1977tc,
author = {Schegloff, E A and Jefferson, G and Sacks, H},
title = {{The preference for self-correction in the organization of repair in conversation}},
journal = {Language},
year = {1977},
volume = {53},
number = {2},
pages = {361--382}
}

@article{Schegloff:1973tg,
author = {Schegloff, E A and Sacks, H},
title = {{Opening up closings}},
journal = {Semiotica},
year = {1973},
pages = {289--327}
}

@article{Garfinkel:1967vn,
author = {Garfinkel, H},
title = {{Studies in ethnomethodology}},
journal = {Blackwell Publishing Ltd.},
year = {1967}
}

@incollection{Jefferson:1972ta,
author = {Jefferson, G},
title = {{Side sequences}},
booktitle = {{Studies in Social Interaction}},
year = {1972},
editor = {Sadrow, D},
pages = {294--338},
publisher = {Free Press},
address = {New York}
}

@article{Clark:1989ur,
author = {Clark, H H and Schaefer, Edward F},
title = {{Contributing to discourse}},
journal = {Cognitive Science},
year = {1989},
volume = {13},
number = {2},
pages = {259--294}
}

@incollection{Clark:2005wk,
author = {Clark, H H and Brennan, S E},
title = {Grounding in Communication},
booktitle = {{Perspectives on Socially Shared Cognition}},
publisher = {APA Books},
editor = {Resnick, L B and Levine, J M and Teasley S D},
city = {Washington},
year = {2005},
pages = {1--12}
}

@inproceedings{Bencherif:1987up,
author = {Bencherif, S and Tanaka, Keiko},
title = {{Covert forms of communication}},
booktitle = {{Autumn Meeting of the Linguistic Society of Great Britain, Bradford, September}},
year = {1987}
}

@book{Halliday:1976vn,
author = {Halliday, MAK and Hasan, R},
title = {{Cohesion in english}},
publisher = {Longman},
year = {1976},
address = {London}
}

@book{Cook:1989wu,
author = {Cook, Guy},
title = {{Discourse}},
publisher = {Oxford University Press},
year = {1989},
month = jun
}

@book{Brown:1983wy,
author = {Brown, G and Yule, G},
title = {{Discourse Analysis}},
publisher = {Cambridge University Press},
year = {1983}
}

@book{gumperz:1972tf,
author = {Gumperz, John Joseph and Hymes, D},
title = {{Directions in Sociolinguistics; the Ethnography of Communication}},
publisher = {Holt, Rinehart, and Winston},
year = {1972},
address = {New York}
}

@book{Leech:1983vf,
author = {Leech, Geoffrey N},
title = {{Principles of Pragmatics}},
publisher = {Longman Pub Group},
year = {1983}
}

@article{Donnellan:1966uv,
author = {Donnellan, K S},
title = {Definite Descriptions },
journal = {The Philosophical Review},
year = {1966},
volume = {75},
number = {3},
pages = {281--304}
}

@incollection{Kripke:1979ti,
author = {Kripke, S},
title = {{Speaker's reference and semantic reference}},
booktitle = {{Meaning and Truth}},
year = {1979},
editor = {Kiteley and Garfield},
pages = {162--188},
publisher = {Paragon House},
address = {New York}
}

@book{Kamp:1993wm,
author = {Kamp, Hans and Reyle, Uwe},
title = {{From Discourse to Logic}},
publisher = {Springer},
year = {1993},
series = {Introduction to Modeltheoretic Semantics of Natural Language, Formal Logic and Discourse Representation Theory},
month = jan
}

@phdthesis{Heim:1982wp,
author = {Heim, I},
title = {{The Semantics of Definite and Indefinite Noun Phrases}},
year = {1982},
school = {{University of Massachusettes}},
city = {Amherst}
}

@book{JohnsonLaird:1983vt,
author = {Johnson-Laird, P N},
title = {{Mental Models: Towards a Cognitive Science of Language, Inference, and Consciousness}},
publisher = {Harvard University Press},
year = {1983},
address = {Cambridge}
}

@book{Stenning:2008uh,
author = {Stenning, K and Van Lambalgen, M},
title = {{Human Reasoning and Cognitive Science}},
publisher = {MIT Press},
year = {2008}
}

@article{Bransford:1972tz,
author = {Bransford, J D and Barclay, J R and Franks, J J},
title = {{Sentence memory: A constructive versus interpretive approach}},
journal = {Cognitive Psychology},
volume = {3},
number = {2},
pages = {193 -- 209},
publisher = {Elsevier},
year = {1972}
}

@techreport{Hobbs:1985ue,
author = {Hobbs, J},
title = {{On the Coherence and Structure of Discourse}},
year = {1985},
number = {Report No. CSLI-85-37}
}

@incollection{Grosz:1989wu,
author = {Grosz, B and Pollack, M and Sidner, C},
title = {{Discourse}},
booktitle = {{Foundations of Cognitive Science}},
year = {1989},
editor = {Posner, M},
pages = {1--33},
publisher = {MIT Press}
}

@book{Graesser:2012wz,
author = {Graesser, A C and Gernsbacher, Morton Ann and Goldman, Susan R},
title = {{Handbook of Discourse Processes}},
publisher = {Routledge},
year = {2012},
month = oct
}

@article{Denis:1997,
    author = {Denis, Michel},
    citeulike-article-id = {7753896},
    journal = {Cahiers Psychologie Cognitive},
    keywords = {cognitive, ergonomics, landmarks, wayfinding},
    number = {4},
    pages = {409--458},
    posted-at = {2010-09-02 00:49:40},
    priority = {0},
    title = {The Description of Routes: A Cognitive Approach to the Production of Spatial Discourse},
    volume = {16},
    year = {1997}
}

@article{Khemlani:2012ii,
author = {Khemlani, Sangeet and Johnson-Laird, P N},
title = {{Theories of the syllogism: A meta-analysis.}},
journal = {Psychological Bulletin},
year = {2012},
volume = {138},
number = {3},
pages = {427--457}
}

@incollection{JohnsonLaird:2007ua,
author = {Johnson-Laird, P N},
title = {{Reasoning without logic}},
booktitle = {{Reasoning and Discourse Processes}},
year = {2007},
editor = {Myers, T and Brown, K and McGonigle, B},
pages = {13--50},
publisher = {Academic Press}
}

@book{Cook:2001up,
author = {Cook, Guy},
title = {{The Discourse of Advertising}},
publisher = {Routledge},
year = {2001},
month = jul
}

@article{Brandt:2013un,
author = {Brandt, M T and Preston, I L},
title = {{The Federal Trade Commission's use of evidence to determine deception}},
journal = {The Journal of Marketing},
year = {2013},
volume = {41},
pages = {1--7}
}

@book{clark1944advertising,
  title={{The Advertising Smoke Screen}},
  author={Clark, Blake},
  year={1944},
  publisher={Harper Press}
}

@article{Sperber:1987we,
author = {Sperber, D and Wilson, D},
title = {{Pr{\'e}cis of relevance: Communication and cognition}},
journal = {Behavioral and Brain Sciences},
year = {1987},
volume = {10},
pages = {697--754}
}

@book{Sperber:1986uk,
author = {Sperber, D and Wilson, D},
title = {{Relevance: Communication and Cognition}},
publisher = {Blackwell Publishers, Ltd.},
year = {1986},
address = {Cambridge},
edition = {2nd}
}

@incollection{Horn:2006va,
author = {Horn, L R},
title = {Implicature},
booktitle = {{The Handbook of Pragmatics}},
editor = {Horn, L R and Ward G},
year = {2006},
pages = {1--46},
month = sep
}

@book{Geis:1995vo,
author = {Geis, M L},
title = {{Speech Acts and Conversational Interaction}},
publisher = {Cambridge University Press},
year = {1995},
address = {Cambridge},
month = nov
}

@book{Halliday:1977vj,
author = {Halliday, MAK},
editor = {van Dijk, Teun A and Petofi, Janos},
title = {{Text and Semantic Choice in Social Contexts}},
publisher = {Walter de Gruyter},
year = {1977},
series = {Grammars and Descriptions},
address = {Berlin}
}

@article{Ohm:2010vj,
author = {Ohm, Paul},
title = {{Broken Promises of Privacy: Responding to the Surprising Failure of Anonymization}},
journal = {57 UCLA Law Review 1701},
year = {2010},
pages = {1--77},
month = aug
}

@article{Kazienko:2007tb,
author = {Kazienko, Przemys{\l}aw and Adamski, Micha{\l}},
title = {AdROSA-Adaptive personalization of web advertising},
journal = {{Information Sciences: an International Journal}},
year = {2007},
volume = {177},
number = {11},
pages = {1--34},
month = jan
}

@book{Crystal:2006tj,
author = {Crystal, D},
title = {{Language and the Internet}},
publisher = {Cambridge University Press},
year = {2006}
}

@article{ulanoff:2013ma,
author = {Ulanoff, L},
title = {{There really is a smartphone inside EW Magazine}},
journal = {{Mashable}},
year = {2012},
month = Oct,
day = {2},
url = {http://mashable.com/2012/10/02/ew-has-smartphone-inside/}
}

@article{goel:2013nyt,
author = {Goel, V},
title = {Facebook reasserts posts can be used advertise},
journal = {{The New York Times}},
year = {2013},
month = Nov,
day = {15},
url = {http://www.nytimes.com/2013/11/16/technology/facebook-amends-privacy-policies.html?_r=0}
}

@article{kelly:2013cnn,
author = {Kelly, H},
title = {Why your face might appear in Google ads, and how to stop it},
journal = {{CNN}},
year = {2013},
month = Oct,
day = {11},
url = {http://www.cnn.com/2013/10/11/tech/social-media/google-plus-ads-profiles/}
}

@article{acquisti:2013ted,
author = {Aquisti, A},
title = {Why privacy matters [video]},
journal = {{TED Talks}},
year = {2013},
month = June,
url = {http://www.ted.com/talks/alessandro_acquisti_why_privacy_matters.html}
}

@article{kahan:2013blog,
author = {Kahan, D},
title = {Fooled twice, shame on who? Problems with Mechanical Turk samples},
journal = {{Cultural Cognition Project at Yale Law School}},
year = {2013},
month = July,
day = {10},
url = {http://www.culturalcognition.net/blog/2013/7/10/fooled-twice-shame-on-who-problems-with-mechanical-turk-stud.html}
}

@article{Cosmides:1989dq,
author = {Cosmides, L},
title = {{The logic of social exchange: has natural selection shaped how humans reason? Studies with the Wason selection task.}},
journal = {Cogntion},
year = {1989},
volume = {31},
number = {3},
pages = {187--276}
}

@book{Kahneman:2011tc,
author = {Kahneman, Daniel},
title = {{Thinking, Fast and Slow}},
publisher = {Macmillan},
year = {2011},
month = oct
}

@book{Manktelow:2012tx,
author = {Manktelow, K},
title = {{Thinking and Reasoning: An Introduction to the Psychology of Reason, Judgment and Decision Making}},
publisher = {Psychology Press},
year = {2012}
}

@article{Wason:1960wt,
author = {Wason, P},
title = {{On the failure to eliminate hypotheses in a conceptual task}},
journal = {The Quarterly Journal of Experimental Psychology},
year = {1960},
volume = {12},
number = {3},
pages = {1--7}
}

@article{griggs1982elusive,
  title={{The elusive thematic-materials effect in Wason's selection task}},
  author={Griggs, Richard A and Cox, James R},
  journal={British Journal of Psychology},
  volume={73},
  number={3},
  pages={407--420},
  year={1982},
  publisher={Wiley Online Library}
}

@article{Evans:2003gp,
author = {Evans, Jonathan St B T},
title = {{In two minds: Dual-process accounts of reasoning}},
journal = {Trends in Cognitive Sciences},
year = {2003},
volume = {7},
number = {10},
pages = {454--459}
}

@article{Stutzman:2010ds,
author = {Stutzman, Fred and Capra, Robert and Thompson, Jamila},
title = {{Factors mediating disclosure in social network sites}},
journal = {Computers in Human Behavior},
year = {2010},
volume = {27},
number = {1},
pages = {590--598}
}

@article{Clark:2003uw,
author = {Clark, H H and Wilkes-Gibbs, D},
title = {{Referring as a collaborative process}},
journal = {Cognition},
year = {1986},
volume = {22},
issue = {1},
pages = {1--39},
month = sep
}

@article{Girotto:1990va,
author = {Girotto, Vittorio and Politzer, Guy},
title = {{Conversational and world knowledge constraints on deductive reasoning}},
journal = {Cognitive Biases},
year = {1990},
pages = {87--107}
}

@incollection {Markovitz:1990pr,
	author = {Markovits, H and Lesage C},
	year = {1990},
	title = {Pragmatic reasoning schemas for conditional promises: Context and representation},
	booktitle = {{Cognitive Biases}},
	editor = {Caverni, J P and Fabre, J M and Gonzales, M},
	pages = {183--192},
	city = {North Holland},
	publisher = {Elsevier}
}

@incollection{Beller:2008de,
	author = {Beller, S},
	title = {Deontic reasoning squared},
	booktitle = {{Proceedings of the 30th Annual Conference of the Cognitive Science Society}},
	pages = {2103-2108},
	city = {Austin},
	publisher = {Cognitive Science Society},
	year = {2008}
}

@article{marcus:1979co,
author = {Marcus, S and Rips, L},
title = {{Conditional reasoning}},
journal = {Journal of Verbal Learning and Verbal Behavior},
volume = {18},
year = {1979},
pages = {199--223},
issue = {2}
}

@article{politzer1981differences,
  title={Differences in interpretation of implication},
  author={Politzer, Guy},
  journal={The American Journal of Psychology},
  pages={461--477},
  year={1981},
  publisher={JSTOR}
}

@article{Clark:1973vn,
author = {Clark, H H},
title = {{The language-as-fixed-effect fallacy: A critique of language statistics in psychological research}},
journal = {Journal of Verbal Learning and Verbal Behavior},
year = {1973},
volume = {12},
number = {4},
pages = {335--359}
}

@article{Cheng:1985ww,
author = {Cheng, P and Holyoak, K},
title = {{Pragmatic reasoning schemas}},
journal = {Cognitive Psychology},
year = {1985},
number = {17},
pages = {391--416}
}




























