%% Created using Papers on Mon, 18 Mar 2013.
%% http://mekentosj.com/papers/

@article{Stenning:1995ka,
author = {Stenning, Keith and Oberlander, Jon},
title = {A cognitive theory of graphical and linguistic reasoning: Logic and implementation},
journal = {Cognitive Science},
year = {1995},
volume = {19},
number = {1},
pages = {97--140}
}

@article{Sacks:1974uy,
author = {Sacks, H and Schegloff, E A and Jefferson, G},
title = {A simplest systematics for the organization of turn-taking for conversation},
journal = {Language},
year = {1974},
volume = {50},
pages = {696--735}
}

@incollection{Kamp:2018fe,
author = {Kamp, H},
title = {A theory of truth and semantic representation},
booktitle = {Formal Semantics},
year = {2018},
pages = {189--222},
publisher = {Blackwell Publishers, Ltd.}
}

@article{Grosz:1986up,
author = {Grosz, B and Sidner, C},
title = {Attentions, Intentions, and the Structure of Discourse},
journal = {Computational Linguistics},
year = {1986},
volume = {12},
number = {3},
pages = {175--204}
}

@article{Thaler:2010uy,
author = {Thaler, R and Sunstein, C and Balz, J},
title = {Choice architecture},
journal = {Available at SSRN 1583509},
year = {2010}
}

@inproceedings{Cohen:1995wl,
author = {Cohen, Philip R and Levesque, Hector J},
title = {Communicative actions for artificial agents},
booktitle = {Proceedings of the First International Conference on Multi-Agent Systems (ICMAS-95)},
year = {1995},
pages = {65--72}
}


@techreport{Logic:2011wn,
author = {{Evidon}},
title = {Consumer Interactions with Ad Notice},
year = {2011}
}

@book{Stalnaker:1999vl,
author = {Stalnaker, Robert},
title = {{Context and Content}},
publisher = {Clarendon Press},
year = {1999},
series = {Essays on Intentionality in Speech and Thought}
}

@incollection{Grosz:1989wu,
author = {Grosz, B and Pollack, M and Sidner, C},
title = {{Discourse}},
booktitle = {Foundations of Cognitive Science},
year = {1989},
editor = {Posner, M},
pages = {1--33},
publisher = {MIT Press}
}

@book{Gumperz:1982tc,
author = {Gumperz, J},
title = {{Discourse Strategies}},
publisher = {Cambridge University Press},
year = {1982},
month = sep
}

@article{Cohen:1979wl,
author = {Cohen, P and Perrault, C},
title = {Elements of a Plan-Based Theory of Speech Acts},
journal = {Cognitive Science},
year = {1979},
volume = {3},
pages = {177--212}
}

@booklet{Goffman:1981tm,
title = {{Forms of Talk}},
author = {Goffman, E},
howpublished = {University of Pennsylvania Press},
address = {Philadelphia},
year = {1981}
}

@book{Hymes:1974wr,
author = {Hymes, D},
title = {{Foundations in Sociolinguistics: An Ethnographic Approach}},
publisher = {University of Pennsylvania Press},
year = {1974}
}

@article{Oberlander:1995vv,
author = {Oberlander, Jon},
title = {{Grice for graphics: pragmatic implicature in network diagrams}},
journal = {Information Design Journal},
year = {1995},
volume = {8},
number = {2},
pages = {163--179}
}

@book{Stenning:2006wu,
author = {Stenning, Keith and Lascarides, Alex and Calder, Jo},
title = {{Introduction to Cognition And Communication}},
publisher = {Bradford Books},
year = {2006}
}

@incollection{JohnsonLaird:1989uj,
author = {Johnson-Laird, Philip N},
title = {Mental models},
booktitle = {Foundations of Cognitive Science},
year = {1989},
editor = {Posner, M},
pages = {469--499},
publisher = {MIT Press}
}

@techreport{Hobbs:1985ue,
author = {Hobbs, J},
title = {{On the Coherence and Structure of Discourse}},
year = {1985},
number = {Report No. CSLI-85-37}
}

@article{Tversky:1999ta,
author = {Tversky, B and Lee, P},
title = {{Pictorial and verbal tools for conveying routes}},
journal = {COSIT '99 Proceedings of the International Conference on Spatial Information Theory: Cognitive and Computational Foundations of Geographic Information Science},
year = {1999},
pages = {51--54}
}

@book{Huang:2007ww,
author = {Huang, Yan},
title = {{Pragmatics}},
publisher = {Oxford University Press, USA},
year = {2007}
}

@book{Stenning:2002vd,
author = {Stenning, Keith},
title = {{Seeing Reason}},
publisher = {OUP Oxford},
year = {2002},
series = {Image and Language in Learning to Think},
}

@incollection{Tversky:2004wj,
author = {Tversky, B},
title = {{Semantics, syntax, and pragmatics of graphics}},
booktitle = {Language and Visualisation},
year = {2004},
editor = {Holmqvist, K and Ericsson, Y},
pages = {141--158},
publisher = {Lund University Press},
address = {Lund}
}

@book{vanDijk:1983tk,
author = {van Dijk, Teun Adrianus and Kintsch, Walter},
title = {{Strategies of Discourse Comprehension}},
publisher = {Academic Press},
year = {1983}
}

@article{Tversky:1981vc,
author = {Tversky, Amos and Kahneman, Daniel},
title = {{The framing of decisions and the psychology of choice}},
journal = {Science},
year = {1981},
volume = {211},
number = {4481},
pages = {453--458}
}

@inproceedings{TheNonTransparency:2012ut,
author = {Turow, J},
title = {The Non-Transparency of key online words},
booktitle = {{NTIA Privacy Multistakeholder Process Regarding Mobile Application Transparency}},
year = {2012},
pages = {1--10},
month = nov
}

@incollection{Tversky:2011tf,
author = {Tversky, B},
title = {{Tools for Thought}},
booktitle = {Language and Bilingual Cognition},
year = {2011},
editor = {Cook, V and Bassetti, B},
pages = {131--140},
publisher = {Psychology Press},
address = {New York}
}

@techreport{Truste:2012uc,
author = {{TRUSTe}},
title = {{TRUSTe 2012 UK consumer data privacy study}},
year = {2012}
}

@article{Tversky:2010ww,
author = {Tversky, B},
title = {Visualizing thought},
journal = {Topics in Cognitive Science},
year = {2010},
volume = {3},
number = {3},
pages = {499--535}
}

@techreport{Leon:2012vu,
author = {Leon, P Giovanni and Ur, B and Shay, R and Wang, Y and Balebako, R and Cranor, L},
title = {Why Johnny can't opt out: A usability evaluation of tools to limit online behavioral advertising},
year = {2012},
number = {CMU-CyLab-11-017},
month = oct
}

@article{JohnsonLaird:1980uf,
author = {Johnson-Laird, P N and Garnham, A},
title = {Descriptions and Discourse Models},
journal = {Linguistics and Philosophy},
year = {1980},
number = {3},
pages = {371--393}
}

@incollection{Grice:1975vz,
author = {Grice, Herbert P},
title = {Logic and conversation},
booktitle = {Syntax and Semantics 3: Speech Acts},
year = {1975},
editor = {Cole},
pages = {41--58},
publisher = {Elsevier}
}

@book{Levinson:2000ud,
author = {Levinson, Stephen C},
title = {{Presumptive Meanings}},
publisher = {The MIT Press},
year = {2000},
series = {The Theory of Generalized Conversational Implicature}
}

@techreport{Ur:2012ws,
author = {Ur, B and Leon, P Giovanni and Cranor, L F and Shay, R and Wang, Y},
title = {{Smart, useful, scary, creepy: perceptions of online behavioral advertising}},
year = {2012},
number = {CMU-CyLab-12-007},
month = apr
}

@techreport{Leon:2012dk,
author = {Leon, P Giovanni and Cranshaw, Justin and Cranor, L F and Graves, Jim and Hastak, Manoj and Ur, B and Xu, Guzi},
title = {{What do online behavioral advertising privacy disclosures communicate to users?}},
year = {2012},
number = {CMU-CyLab-12-008},
month = apr
}

@book{Clark:1996tm,
author = {Clark, H},
title = {{Using Language}},
publisher = {Cambridge University Press},
year = {1996},
month = may
}






